1755 3123
1366 216 1426 259 5³

76 323 257 369 Primum
282 324 388 365 enim
412 320 651 371 subdubito,
690 327 787 359 num
812 325 1032 375 „partum
1052 325 1123 362 ter
1153 318 1248 360 eniti
1262 350 1275 373 ‚
1289 320 1317 343 “
1349 321 1429 364 dici

75 398 207 453 possit
231 410 328 452 pro:
348 399 517 452 partus
547 397 640 434 tres
664 390 779 444 eniti,
805 392 930 445 idque
955 392 1035 447 ipsi
1059 393 1227 448 Hugoni
1255 406 1429 449 scrupu-

75 470 159 519 lum
188 470 348 510 videtur
376 464 596 525 injecisse,
612 461 772 517 quippe
797 463 941 505 cum'l.
968 475 1002 507 c.
1026 477 1068 518 p.
1095 464 1197 506 394.
1223 466 1267 506 in
1291 465 1431 507 medio

73 541 305 595 reliquerit,
343 542 480 578 utrum
513 528 676 589 „vulgo
710 536 966 589 quaesitum,
997 550 1050 576 an
1086 538 1246 591 „vulgo
1271 539 1431 591 quaesi-

73 611 180 654 t03“
206 612 291 666 legi
316 608 438 649 satius
463 612 591 665 esset,
622 621 855 661 quanquam
879 609 990 648 illam
1017 608 1337 650 emendationem
1362 611 1429 650 bi—

71 685 132 731 nis
148 679 393 725 editionibus
408 680 627 721 novissimis
645 680 812 735 recepit.
848 680 1010 722 Deinde
1037 685 1270 735 suspectam
1291 681 1427 724 habeo

70 756 340 798 locutionem:
366 754 502 809 vulgo
524 753 767 809 quaesitum
784 753 898 807 eniti,
915 754 1074 808 quippe
1093 753 1135 793 in
1148 753 1427 808 quapleonas-

69 826 187 879 mus,
220 827 296 880 qui¹
316 826 482 879 dicitur,
520 827 624 871 insit.
697 827 862 868 Scilicet
898 827 1134 880 ftequenter
1168 826 1335 880 quidem
1366 828 1428 868 in-

68 900 280 942 veniuntur
310 899 390 940 hae
419 900 615 954 loquendi
637 899 858 940 formulae:
884 899 1021 955 vulgo
1048 899 1299 955 concipere,
1329 900 1427 942 vul-

66 986 132 1029 go
173 985 410 1028 quaerere,
468 972 606 1027 vulgo
645 985 846 1027 parere3
895 970 950 1010 ad
979 984 1151 1023 quarum
1192 973 1425 1028 exemplum

69 1044 190 1085 etiam
221 1044 303 1085 dici
331 1043 503 1099 poterit:
540 1044 677 1099 vulgo
707 1043 833 1095 eniti,
871 1056 1103 1097 quanquam
1127 1043 1245 1085 huius
1258 1051 1262 1053 '
1276 1045 1423 1085 dictio-

66 1117 126 1157 nis
157 1129 239 1156 non
268 1115 432 1155 memini
461 1129 528 1155 me
558 1129 731 1169 usquam
761 1115 874 1171 apud
903 1121 1081 1166 veteres,
1123 1122 1287 1170 praeter
1312 1117 1423 1157 hunc

66 1187 282 1243 Ulpiani
319 1186 479 1238 locum,
524 1186 751 1241 (siquidem
793 1174 950 1227 codicis·
980 1187 1164 1229 Vaticani
1190 1188 1313 1228 lectio
1342 1187 1424 1227 hac

68 1273 118 1300 ex
150 1265 270 1314 parte
316 1259 472 1299 sincera
505 1260 613 1313 est,)
654 1259 886 1312 exemplum
922 1259 1118 1312 reperire.
1200 1260 1257 1299 At
1296 1259 1426 1298 multo

63 1331 158 1387 plus
197 1330 452 1372 dubitationis
494 1330 615 1371 affert
659 1331 735 1372 ista
775 1330 949 1371 locutio:
978 1329 1133 1385 vulgo
1182 1329 1425 1384 quaesitum

64 1404 179 1445 eniti.
241 1404 350 1445 Sane
373 1405 621 1457 aliquantum
652 1402 820 1456 quidem
852 1401 907 1441 ad
924 1416 1015 1442 eam
1045 1402 1235 1442 tuendam
1265 1403 1420 1456 praesi-

64 1476 123 1517 dii
151 1476 310 1518 videtur
344 1490 368 1517 e
407 1477 504 1530 lege
534 1474 577 1517 Ί.
610 1475 664 1517 D.
694 1474 748 1515 de
783 1474 901 1530 grad.
933 1480 974 1516 et
1003 1475 1113 1515 affin.
1153 1474 1242 1527 peti
1284 1488 1422 1529 posse,

62 1548 135 1589 ubi
165 1547 329 1589 dicitur:
361 1548 610 1602 „Privignus
643 1548 764 1588 etiam
793 1548 827 1587 is
863 1552 940 1598 est,
983 1547 1059 1599 qui>
1092 1546 1231 1600 vulgo
1263 1559 1422 1588 conce-

56 1624 163 1676 ptus
194 1632 246 1660 ex
285 1633 334 1661 ea
366 1625 501 1662 natus
533 1625 617 1672 est,
655 1632 759 1672 quae
793 1623 938 1673 postea
968 1618 1068 1659 mihi
1104 1619 1304 1673 nupsit;“
1345 1620 1421 1661 sed

62 1692 141 1732 alia
177 1697 316 1733 tamen
356 1698 436 1743 est,
477 1693 510 1732 si
544 1690 643 1744 quid
689 1690 830 1741 video,
885 1689 1009 1745 hujus
1047 1690 1266 1746 fragmenti
1303 1693 1419 1743 ratio4

59 1762 222 1805 Etenim
265 1748 315 1805 eo
356 1763 522 1804 consilio
561 1767 748 1819 separata
781 1767 823 1803 et
863 1762 1051 1818 concepti
1082 1768 1125 1804 et
1155 1764 1242 1805 nati
1269 1766 1421 1807 mentio

58 1835 122 1895 ibi*
145 1835 212 1887 fit,
242 1840 289 1876 ut
318 1837 590 1892 significetur,
622 1850 740 1888 eum,
772 1836 825 1876 de
857 1850 940 1890 quo
972 1837 1198 1889 quaeritur,
1231 1851 1314 1878 non
1350 1853 1420 1879 so-

58 1908 146 1949 lum
163 1907 291 1967 vulgo
311 1914 570 1964 conceptum,
600 1908 675 1950 sed
705 1908 848 1960 etiam,
879 1915 1097 1963 antequam
1114 1914 1245 1950 mater
1269 1924 1418 1966 nupse-

59 1981 129 2033 rit,
160 1985 300 2021 natum
320 1996 407 2023 esse
426 1988 618 2037 oportere
629 2013 642 2035 ‚
673 1983 769 2036 quia
786 1982 963 2035 alioquin
981 1983 1096 2022 locus
1111 1981 1275 2023 daretur
1292 1998 1419 2039 regu-

59 2053 123 2093 lae
142 2053 394 2095 notissimae:
427 2086 452 2108 „
463 2055 586 2111 l‘ater
604 2055 638 2095 is
659 2060 738 2106 est,
771 2067 894 2112 quem
909 2054 1075 2111 nuptiae
1093 2054 1417 2110 demonstrante

59 2124 255 2182 Superest
273 2140 372 2167 vero
394 2131 435 2167 et
453 2127 531 2167 alia
548 2128 672 2180 ratio,
704 2141 784 2181 qua
805 2126 892 2180 quis
912 2126 1144 2181 Hugonis
1163 2126 1415 2168 emendatio-

58 2212 153 2239 nem
171 2198 392 2240 defendere
417 2200 568 2253 possit,
599 2201 631 2241 si
657 2200 784 2251 dicat,
816 2198 1041 2253 legitimam
1069 2199 1194 2240 fuisse
1222 2198 1330 2240 hanc
1351 2200 1414 2240 di-

60 2271 256 2313 ctionem:
288 2277 392 2324 „ter
407 2271 598 2324 enixa“,
630 2273 694 2326 (id
723 2272 832 2326 quod
853 2271 931 2311 Hu
939 2285 1006 2326 go
1033 2271 1124 2326 ipse
1148 2273 1175 2313 l.
1195 2287 1230 2313 c.
1248 2287 1290 2327 p.
1311 2272 1413 2314 394.

59 2355 109 2383 ex
133 2343 183 2386 L.
216 2343 320 2386 137.
339 2345 390 2386 D.
412 2344 464 2385 de
486 2345 598 2385 verb.
620 2344 755 2399 signif.
781 2343 975 2398 colligit3)
996 2358 1118 2399 quam
1136 2360 1229 2386 cum
1244 2347 1415 2387 retinere

58 2413 314 2470 Ulpianus
340 2417 530 2469 voluerit,
561 2431 637 2477 nec
657 2425 795 2459 tamen
811 2417 957 2458 usitata
976 2418 1099 2460 fuerit
1116 2419 1286 2460 locutio:
1317 2420 1416 2460 vul-

53 2491 120 2544 'go
138 2488 263 2543 eniti,
291 2490 443 2532 idcirco
462 2491 616 2532 factum
634 2505 734 2545 esse,
753 2495 798 2531 ut
822 2489 985 2534 dixerit:
1016 2494 1151 2549 vulgo
1171 2491 1415 2548 quaesitum

58 2562 172 2606 eniti.
235 2562 323 2605 Sed
353 2578 446 2605 cum
470 2564 797 2617 fundamentum,
829 2579 913 2619 quo
936 2566 1072 2607 nititur
1090 2566 1194 2606 haec
1216 2565 1413 2621 defensio,

57 2648 202 2689 parum
220 2637 381 2687 firmum
399 2640 469 2694 sit,
491 2650 665 2681 'necesse
685 2644 746 2681 est
762 2644 802 2680 et
826 2639 917 2695 ipsa
941 2639 1109 2681 vacillet.
1145 2663 1198 2671 —
1265 2640 1363 2681 Jam
1381 2642 1413 2681 si
