1784 3123
333 346 416 389 hoc
433 332 561 403 longe
580 342 833 401 probabilius
851 341 951 385 mihi
975 342 1135 387 videtur
1158 342 1309 386 idcirco
1334 341 1546 400 accidisse,
1591 351 1686 405 qnia

335 433 527 461 mancum
561 423 648 457 erat
682 417 784 456 illud
809 417 1037 470 exemplar,
1088 416 1201 470 quod
1227 415 1302 456 sibi
1324 417 1692 464 transscribendum

337 495 555 541 sumserat3
585 488 711 544 idque
732 487 825 531 satis
852 493 964 530 certo
989 489 1129 547 colligi
1156 489 1252 532 licet
1274 502 1327 532 ex
1345 488 1590 545 imperfecto
1619 507 1691 535 co-

311 586 312 591 =
337 567 435 606 dicis
472 564 599 605 nostri
634 568 675 602 et
709 563 820 602 initio
849 568 890 601 et
913 562 1017 610 fine;
1068 563 1277 615 (quocum
1311 562 1561 604 conferenda
1585 569 1691 614 suut,

306 642 310 680 ζ
335 650 442 692 quae
467 635 581 692 apud
599 634 650 675 G
660 633 794 690 ajum
833 631 1001 677 institut.
1028 631 1258 677 Comment.
1278 635 1348 677 111.
1379 633 1422 693 §.
1449 633 1522 678 5⁰.
1546 634 1694 691 legun-

335 711 446 764 tur.)
509 708 672 750 Etenim
690 706 922 760 exemplum
944 705 1035 745 libri
1055 706 1240 746 consulto
1261 708 1325 747 vel
1343 709 1535 748 inchoare
1562 721 1587 747 a
1603 720 1695 748 me-

337 782 404 823 dia
431 782 566 835 aliqua
600 778 813 830 sententia,
853 778 920 819 vel
953 778 1089 831 finire,
1128 782 1345 831 antequam
1369 786 1576 835 postrema
1605 793 1696 820 sen-

337 855 460 895 tentia
477 852 660 892 omnibus
679 851 758 890 suis
778 851 954 891 numeris
973 857 1014 891 et
1036 851 1218 906 partibus
1238 851 1400 906 expleta
1421 852 1493 906 sit,
1523 851 1695 892 hominis

338 931 399 965 est
429 923 785 979 imprudentissimi
814 930 855 963 et
884 924 1007 979 plane
1042 923 1247 972 vecordis;
1296 936 1402 977 quae
1429 923 1595 976 quidem
1629 937 1696 965 res

339 997 485 1048 efficit,
516 1001 574 1048 ut,
589 996 624 1037 si
644 997 724 1037 tale
745 996 844 1050 quid
862 996 904 1037 in
919 996 1059 1037 codice
1078 996 1353 1051 manuscripto
1370 996 1613 1048 inveniatur,
1644 996 1698 1037 de

338 1070 421 1109 aliis
450 1069 585 1123 potius
613 1070 762 1121 causis,
803 1069 883 1109 nisi·
902 1082 1096 1123 perversa
1120 1069 1194 1108 ista
1220 1069 1369 1109 librarii
1395 1069 1579 1109 voluntas
1606 1079 1698 1109 cer-

337 1140 486 1180 tissime
517 1146 693 1197 constet,
732 1141 914 1195 cogitare
946 1140 1181 1180 debeamus.
1243 1140 1334 1180 Nec
1362 1154 1461 1181 vero
1488 1140 1588 1181 mihi
1619 1139 1699 1180 ob-

339 1218 417 1253 stat
444 1212 511 1253 vel
533 1211 655 1252 index
682 1212 912 1263 titulorum,
953 1213 1018 1252 vel
1044 1213 1216 1253 verbum
1247 1241 1273 1266 ,‚
1284 1213 1458 1268 explicit
1468 1215 1517 1264 ⁶⁶,
1557 1213 1598 1252 in
1625 1225 1698 1252 ex-

338 1290 470 1325 tremo
490 1283 632 1323 codice
656 1285 845 1337 positum.
910 1285 1099 1338 Namque
1126 1285 1304 1324 indicem
1330 1283 1700 1331 titulorumssredi-

339 1357 423 1397 bile
451 1361 512 1396 est
542 1356 752 1395 librarium
781 1357 894 1395 illum
916 1355 969 1395 ad
986 1355 1155 1397 modum
1182 1362 1223 1397 et
1248 1356 1444 1397 ambitum
1468 1355 1700 1409 antiquioris

340 1428 515 1477 codicis,
547 1428 588 1467 in
606 1439 689 1480 quo
719 1426 988 1466 describendo
1011 1434 1233 1483 occupatus
1251 1434 1377 1481 esset,
1409 1428 1699 1484 composuisse.

341 1500 455 1551 Quot
475 1499 599 1554 igitur
625 1497 682 1537 ibi
703 1499 911 1538 invenerat
939 1499 1096 1551 titulos,
1128 1499 1189 1540 tot
1214 1501 1256 1540 in
1281 1501 1414 1541 indice
1440 1500 1700 1551 enumeravit,

342 1571 576 1624 complures
593 1569 714 1610 etiam
732 1575 1062 1622 enumeraturus,
1095 1571 1127 1611 si
1147 1571 1284 1626 plures
1306 1571 1533 1626 reperisset.
1594 1570 1701 1611 Ver-

339 1644 439 1683 bum
456 1647 593 1682 autem
624 1642 945 1697 „explicjt“,
978 1656 1062 1695 quo
1089 1649 1245 1683 constat
1273 1644 1458 1684 librarios
1486 1656 1701 1683 consuesse

340 1716 466 1755 finem
498 1713 648 1755 codicis
658 1693 837 1768 ,ffi
863 1714 1207 1769 conscripserant,
1246 1722 1412 1768 notare,
1453 1714 1594 1769 quidni
1617 1728 1699 1770 po-

341 1793 446 1828 terat
466 1787 588 1827 etiam
609 1792 696 1826 tum
716 1787 925 1839 adhiberi,
957 1787 990 1825 si
1008 1788 1094 1839 quis
1121 1787 1303 1828 librarius
1325 1802 1429 1843 opus
1457 1788 1702 1839 absolverat,

341 1859 480 1914 quoad
498 1864 661 1914 poterat
684 1859 918 1912 absolvere,
949 1857 974 1900 i.
994 1871 1028 1899 e.
1054 1863 1211 1900 tantum
1234 1860 1529 1915 descripserat,
1561 1872 1702 1913 quan-

340 1939 427 1973 tum
451 1946 528 1987 per
557 1932 798 1986 exemplaris
826 1931 903 1985 ipsi
929 1932 1126 1984 propositi
1150 1932 1319 1972 modum
1343 1933 1512 1984 licebat,
1545 1932 1719 1973 etiamsi,

340 2005 500 2059 integer
517 2004 620 2044 liber
637 2004 819 2043 nondum
836 2002 890 2042 ad
910 2003 1035 2042 finem
1049 2002 1268 2058 perductus
1296 2003 1432 2044 esset?
1461 2026 1515 2034 —-
1549 2003 1615 2044 Ac
1644 2003 1700 2045 si·-

340 2077 489 2118 militer
517 2090 591 2117 eae
620 2091 784 2130 quoque
809 2077 1002 2125 lacunae,
1035 2089 1136 2129 quas
1159 2076 1200 2116 in
1226 2076 1362 2116 medio
1392 2077 1535 2118 codice
1562 2083 1700 2118 nostro

340 2149 454 2189 haud
469 2162 562 2189 raro
582 2150 852 2204 conspicimus
869 2178 881 2201 ,
913 2161 1040 2208 ⁰99³
1068 2147 1233 2207 consilio
1259 2148 1430 2202 librarii,
1463 2150 1536 2190 sed
1565 2147 1700 2204 potius

344 2235 369 2261 a
394 2236 538 2262 manca
564 2221 796 2276 antiquioris
826 2221 976 2263 codicis
1009 2220 1258 2272 conditione,
1309 2237 1414 2275 quae
1445 2222 1612 2262 difficile
1640 2225 1701 2259 est

344 2293 456 2332 dictu
483 2293 591 2333 unde
619 2300 709 2334 orta
736 2294 808 2346 sit,
842 2306 936 2333 cum
966 2293 1106 2349 plures
1145 2292 1231 2349 ejus
1267 2294 1326 2335 rei
1357 2308 1503 2335 causae
1531 2292 1700 2347 cogitari

342 2371 515 2420 queant,
564 2366 813 2421 repetendae
845 2367 947 2408 mihi
982 2366 1179 2408 videntur.
1247 2369 1312 2410 An
1338 2382 1436 2409 vero
1472 2362 1700 2420 credamus,

343 2443 426 2479 tam
451 2439 591 2494 inepte
618 2452 667 2479 ac
694 2452 885 2493 perverse
912 2444 1115 2481 versatum
1149 2455 1237 2482 esse
1268 2442 1494 2491 librarium,
1531 2443 1578 2479 ut
1605 2438 1701 2479 data

344 2524 473 2566 opera
494 2511 623 2554 modo
644 2512 684 2552 in
711 2511 847 2557 media
876 2513 1151 2555 enunciatione
1179 2515 1294 2555 filum
1319 2513 1507 2555 orationis
1533 2514 1699 2553 abrum-

344 2590 484 2638 peret,
532 2586 644 2626 velut
670 2589 851 2626 extremo
887 2586 1001 2627 titulo
1025 2586 1119 2640 XL,
1166 2586 1292 2628 modo
1319 2587 1457 2642 priore
1481 2583 1698 2627 sententiae

344 2663 466 2712 parte
486 2659 652 2710 omissa,
683 2664 729 2699 ut
746 2658 806 2702 tit.
827 2659 858 2699 l.
878 2654 921 2716 §.
946 2659 1019 2701 1⁰.
1049 2659 1106 2700 tit.
1132 2659 1282 2701 XXIX.
1310 2656 1353 2717 ς.
1375 2658 1441 2712 3.,
1471 2653 1697 2713 posteriora
