1784 3123
368 215 402 258 8

372 319 460 360 sim.
521 317 686 372 Etenim
711 321 756 357 ut
785 317 1017 372 exemplum
1045 317 1236 371 afferam,
1285 315 1385 373 Graj
1397 318 1412 358 i
1449 318 1728 376 Institutiones,

373 392 408 432 si
434 405 459 431 a
484 390 680 431 librorum
707 391 963 444 separatione
989 389 1241 443 discesseris,
1279 403 1365 432 ano
1398 394 1604 432 contextu
1631 407 1730 453 per-

376 464 544 518 scn'ptas
574 475 663 502 esse
694 463 889 515 arbitror,
929 462 1048 503 nullis
1074 464 1126 504 ab
1151 464 1243 519 ipso
1284 462 1382 518 Gaj
1395 476 1420 504 o
1459 461 1583 502 titulis
1599 465 1731 523 rubri7

375 537 483 575 cisve
510 534 722 587 adhibitis,
754 535 831 589 (ita
858 539 902 575 ut
924 535 1226 575 retractandum
1247 549 1356 576 nunc
1379 548 1585 586 censeam,
1617 536 1731 587 quod

372 607 425 647 de
443 606 591 659 modo,
633 620 716 660 quo
747 607 821 648 Ga
821 607 907 662 J‘us
938 607 1117 660 primum
1150 608 1258 648 tertii
1282 608 1588 648 institutionum
1602 606 1732 647 Com-

371 679 557 719 mentarii
576 679 788 719 articulum
804 678 1050 732 inscripsisse
1068 677 1272 730 videatur,
1311 680 1354 719 in
1383 679 1657 720 dissertatione
1678 678 1732 720 de

372 751 596 806 Ulpiani
622 751 877 805 Fragmentis
894 765 937 805 p.
955 745 1029 790 49.
1048 755 1089 789 et
1107 747 1180 789 50.
1207 750 1374 790 strictim
1392 753 1576 806 protuli.)
1639 752 1732 792 Sci-

371 824 470 865 licet
485 814 527 865 in
543 824 653 864 illam
680 823 916 863 sententiam
943 821 1099 862 duabus
1127 822 1380 876 potissimum
1401 823 1586 865 adducor
1606 824 1733 865 ratio-

373 897 504 937 nibus.
547 895 729 935 Primum
748 894 843 947 quia
861 896 902 934 in
923 895 1068 935 codice
1100 894 1175 934 Ga
1177 907 1224 948 J1
1254 893 1478 934 Veronensi
1493 896 1590 935 nulli
1603 910 1733 950 repe-

373 968 527 1007 riuntur
552 966 653 1005 tituli
669 966 869 1024 genuini.
926 966 1045 1017 Quae
1066 965 1170 1006 enim
1195 965 1262 1005 hic
1281 965 1362 1006 illic
1380 966 1423 1006 in
1452 969 1734 1022 eoappositae

374 1046 415 1080 et
433 1040 610 1079 maxime
634 1039 716 1078 sub¹
726 1038 837 1078 initio
855 1040 979 1093 primi
998 1038 1284 1079 Commentarii
1302 1038 1526 1079 cumulatae
1556 1046 1646 1079 sunt
1663 1054 1734 1080 ru-

358 1112 529 1163 ·bricae,
563 1123 613 1150 ex
631 1115 748 1165 parte
763 1109 952 1150 videlicet
968 1110 1156 1166 ineptae,
1198 1110 1328 1165 (velut
1358 1110 1466 1153 rubr.
1488 1110 1538 1152 V.
1567 1117 1608 1152 et
1623 1112 1735 1167 Vll.)

376 1199 444 1224 eas
460 1197 543 1223 non
559 1183 637 1237 ipsi
669 1182 711 1222 G
723 1197 747 1222 a
749 1197 770 1236 J
783 1196 828 1233 o,
862 1183 935 1222 sed
955 1184 1090 1236 potius
1108 1184 1271 1223 librario
1287 1183 1519 1223 tribuendas
1539 1198 1639 1236 esse,
1666 1185 1736 1237 qui

375 1256 498 1296 etiam
513 1255 650 1309 plures
666 1253 849 1293 videatur
867 1253 1048 1309 adjicere
1066 1241 1287 1306 voluisse,
1294 1267 1387 1293 cum
1404 1254 1603 1296 nonnullis
1623 1255 1735 1307 locis,

374 1329 446 1367 ubi
463 1340 570 1367 nova
586 1326 726 1379 incipit
743 1326 927 1377 materia,
957 1340 1105 1366 vacuas
1121 1326 1244 1365 lineas
1271 1326 1497 1379 reliquerit,
1527 1326 1610 1367 hoc
1633 1341 1735 1381 pro-

374 1400 563 1438 babiliter
592 1397 780 1449 consilio,
820 1402 865 1437 ut
888 1397 1057 1437 rubricis
1089 1396 1306 1450 aliquando
1329 1410 1396 1437 eas
1421 1397 1622 1451 expleret,
1645 1398 1736 1453 jam

375 1471 451 1511 Go
463 1484 545 1510 esc
557 1470 717 1508 heniu
729 1484 747 1508 s
778 1470 820 1508 in
836 1470 1088 1523 praefatione
1107 1469 1307 1508 editarum
1329 1483 1354 1508 a
1382 1483 1425 1509 se
1458 1470 1577 1525 Gaj
1566 1485 1580 1510 1
1614 1471 1736 1511 Insti-

374 1543 574 1584 tutionum
594 1540 655 1594 (et
673 1520 840 1594 quidem
857 1557 899 1596 p.
909 1541 1073 1592 XXVI.,
1089 1541 1296 1592 xxxlll„
1313 1542 1481 1582 XXXX.
1493 1549 1533 1583 et
1547 1544 1736 1584 XXXXI.

376 1616 470 1655 edit.
499 1615 571 1667 ΙΙ.)
598 1617 710 1652 recte
734 1614 897 1653 monuit.
973 1614 1117 1653 Altera
1150 1626 1248 1653 vero
1272 1614 1374 1653 illius
1399 1614 1593 1667 opinionis
1621 1628 1737 1656 meae

374 1687 478 1729 ratio
497 1687 538 1726 in
559 1698 610 1726 eo
630 1685 764 1739 posita
782 1691 862 1737 est,
896 1684 1009 1743 quod
1029 1686 1072 1724 in
1087 1684 1259 1725 Mosaic.
1278 1691 1319 1725 et
1335 1686 1509 1727 Roman.
1531 1687 1612 1741 leg.
1637 1687 1737 1727 Col-

376 1757 526 1799 latione
562 1770 613 1796 eo
646 1756 748 1807 loci,
798 1770 880 1809 quo
921 1756 996 1796 Ga
997 1755 1044 1811 ji
1080 1755 1349 1797 Institutiones
1393 1757 1583 1810 citantur,
1635 1759 1661 1802 i.
1702 1773 1737 1800 e.

374 1833 436 1872 tit.
458 1829 567 1871 XVI.
590 1843 625 1872 c.
644 1827 707 1879 2.‚
739 1827 894 1867 nullum
910 1834 1035 1869 exstat
1059 1829 1162 1868 tituli
1182 1844 1320 1872 earum
1338 1830 1565 1883 vestigium,
1590 1831 1663 1870 sed
1682 1832 1738 1871 ita

376 1903 577 1956 scriptum
593 1901 766 1955 legitur:
800 1899 873 1950 „G-
886 1914 915 1939 a
914 1913 938 1953 J
949 1912 1010 1938 us
1037 1898 1364 1940 Institutionum
1383 1899 1496 1940 libro
1513 1900 1602 1940 III.
1622 1902 1738 1958 legi-

377 1975 511 2017 timas
528 1974 593 2015 sic
610 1972 794 2014 ordinat
813 1970 1167 2018 successiones,·“
1205 1971 1316 2023 atqui
1336 1970 1569 2012 Collationis
1596 1981 1738 2015 auctor

375 2053 460 2087 tam
479 2046 656 2085 curiosus
676 2058 766 2084 esse
785 2044 888 2084 solet
904 2045 946 2084 in
959 2043 1080 2083 titulis
1098 2043 1295 2082 librorum
1311 2042 1545 2097 allegandis,
1563 2050 1608 2084 ut
1624 2044 1738 2086 haud

375 2118 636 2160 temerarium
673 2117 858 2157 videatur
883 2116 1178 2172 argumentari,
1222 2114 1263 2154 in
1290 2115 1401 2170 cujus
1426 2116 1517 2157 libri
1531 2118 1737 2159 mentione

377 2192 476 2231 nihil
497 2190 718 2243 quidquam
736 2191 803 2230 ille
816 2190 874 2231 de
893 2190 1009 2230 titulo
1028 2188 1239 2242 significat,
1258 2201 1351 2227 eum
1365 2189 1512 2229 librum
1532 2190 1737 2230 titulorum

379 2261 633 2302 distinctione
665 2263 852 2307 caruisse.
923 2261 992 2302 Ad
1021 2273 1144 2313 quam
1170 2259 1334 2311 quidem
1366 2261 1598 2315 opinionem
1623 2262 1736 2303 refu-

379 2334 547 2375 tandam
564 2347 646 2373 non
664 2347 829 2385 vereor,
861 2348 913 2374 ne
932 2335 1020 2387 quis
1041 2332 1140 2373 mihi
1181 2332 1299 2387 Gaji
1338 2333 1632 2374 Institutionum
1656 2348 1736 2390 op-

377 2408 582 2462 positurus
607 2406 656 2446 sit
672 2406 908 2460 epitomen,
952 2419 1077 2459 quam
1105 2405 1194 2445 Lex
1222 2406 1410 2446 Romana
1431 2405 1737 2459 visigothorum

380 2480 575 2531 continet,
608 2477 650 2518 in
671 2478 804 2519 titulos
823 2480 1010 2525 nimirum
1034 2478 1298 2519 distributam.
1362 2479 1409 2519 In
1423 2477 1502 2518 hac
1522 2478 1626 2519 enim
1644 2479 1736 2534 epi-

378 2557 489 2592 toma
505 2566 668 2592 omnem
698 2552 834 2607 operis
852 2552 1000 2607 Gajani
1027 2552 1223 2592 rationem
1245 2551 1630 2608 dispositionemque
1656 2551 1735 2591 mi-

378 2624 491 2665 rifice
510 2623 793 2680 interpolatam
812 2640 921 2673 esse,
952 2625 1152 2668 neminem
1168 2625 1288 2667 facile
1302 2629 1459 2682 potest,
1491 2625 1561 2679 qui
1590 2622 1656 2665 vel
1672 2622 1735 2664 le-
