1784 3123
307 312 373 370 gis
405 310 625 355 Cinciae
648 307 783 364 gratia
803 309 860 352 ad
889 307 1142 354 revocandas
1164 305 1401 349 donationes
1422 308 1663 352 §maffia-s

307 385 532 426 adhibitum
552 394 653 422 esse.
670 404 735 413 ·—
754 383 943 438 Denique
959 383 1081 424 etiam
1097 379 1418 435 inconceptioue
1432 379 1664 435 verborum,

311 458 456 513 quibus
490 453 845 505 *Zimmernius
886 455 1154 510 imperfectae
1180 452 1286 509 legis
1325 451 1408 493 vim
1439 450 1664 508 descripsit,

308 531 413 570 inest
440 526 617 580 aliquid,
671 528 786 581 quod
811 526 1200 582 reprehendendum
1228 525 1421 568 videntur.
1476 522 1665 580 .Quippe

307 601 397 642 fieri
412 605 572 656 potest,
602 604 648 640 ut
666 599 754 654 lex,
786 615 892 655 quae
909 612 1105 641 revocare
1121 600 1190 641 vel
1206 600 1447 654 impugnare
1459 626 1473 649 ‚
1503 596 1539 637 si
1553 597 1667 650 -quid

308 677 451 713 contra
467 672 592 727 ipsius
609 673 848 713 sententiam
872 673 1025 713 factam
1051 672 1121 723 sit,
1153 670 1367 725 permittit,
1397 669 1505 709 hanc
1531 667 1666 709 facul-

305 750 436 785 tatem
462 757 546 784 non
573 743 631 794 ei,
666 745 735 796 qui
769 749 913 785 contra
950 746 1086 800 legem
1118 743 1246 795 fecit,
1287 741 1361 783 sed
1384 741 1450 782 alii
1479 741 1666 796 cuipiam,

309 815 425 870 cujus
454 816 640 866 interest,
681 815 895 857 concedat.
975 816 1197 871 Fingamus
1225 815 1386 869 legem,
1432 827 1515 868 qua
1537 814 1666 854 intro-

308 888 431 928 ducta
449 887 498 927 sit
514 886 732 929 inofficiosi
749 889 935 943 querela3
968 888 1039 942 (id
1065 886 1177 941 quod
1192 891 1417 943 praeeunte
1432 885 1541 941 ,Guj
1553 886 1668 926 acio

306 959 424 1001 multi
454 972 619 1011 revera,
652 974 886 1015 quanquam
913 961 1040 1016 paulo
1064 959 1417 1010 inconsideratius,
1447 957 1534 1013 legi
1559 956 1668 999 Gli-

309 1032 421 1072 ciae
451 1031 722 1086 tribuerunt.)
789 1034 897 1074 Eam
927 1034 1086 1088 legem,
1128 1046 1222 1073 cum
1250 1035 1536 1072 testamentum
1557 1035 1669 1070 recte

307 1102 496 1156 quidem,
529 1102 605 1142 sed
630 1117 713 1144 non
738 1118 789 1146 ex
814 1106 955 1146 officio
982 1106 1142 1161 pietatis
1166 1104 1319 1144 factum
1351 1102 1583 1159 impugnari
1620 1115 1669 1143 ac

307 1173 482 1214 rescindi
508 1176 741 1228 permittat,
781 1177 849 1216 ille
880 1177 941 1217 vir
972 1177 1136 1228 doctus,
1168 1177 1201 1216 si
1232 1177 1309 1217 sibi
1335 1181 1517 1216 constare
1547 1175 1670 1226 volet,

309 1244 577 1302 imperfectis
592 1246 861 1289 adnumerare
884 1248 1073 1297 debebit;
1105 1253 1283 1289 attamen
1308 1247 1406 1288 huic
1422 1260 1570 1288 causae
1586 1259 1669 1287 non

312 1320 554 1360 conveniunt
579 1320 729 1372 verba,
778 1322 924 1374 quibus
952 1322 995 1361 in
1036 1320 1269 1361 definienda
1304 1320 1547 1374 imperfecta
1573 1320 1671 1374 lege

310 1404 405 1431 usus
431 1396 513 1432 est:
564 1391 678 1444 „sed
715 1406 911 1434 revocare
945 1392 1228 1433 tantummodo
1260 1392 1459 1447 permittit
1496 1391 1576 1443 ei„
1597 1391 1671 1446 qui

308 1466 462 1504 contra
497 1463 644 1517 legem
659 1463 827 1519 secit.“
864 1490 929 1497 -
971 1467 1224 1506 Perlustratis
1260 1465 1383 1518 igitur
1410 1464 1580 1504 aliorum
1616 1463 1670 1503 de

308 1534 561 1575 restituendo
600 1534 945 1589 Fragmentorum
990 1534 1221 1577 nostrorum
1260 1535 1372 1575 initio
1415 1533 1670 1589 conjecturis,

309 1620 449 1648 meum
478 1611 560 1658 cst,
600 1621 706 1660 quae
732 1608 833 1649 mihi
861 1609 1030 1663 quidem
1053 1609 1156 1649 ratio
1181 1608 1356 1649 maxime
1381 1609 1565 1663 placeat,
1597 1621 1670 1649 ex-

309 1691 490 1733 ponere3
518 1691 601 1731 quo
623 1679 716 1719 loco
742 1681 810 1720 vix
829 1694 933 1736 opus
962 1681 1038 1721 erit
1062 1685 1269 1735 repetere,
1301 1679 1415 1734 quod
1431 1679 1524 1735 jam
1548 1693 1672 1737 supra

309 1751 463 1803 monui,
491 1764 516 1790 a
533 1756 680 1791 conatu
695 1752 930 1793 restituendi
948 1741 1156 1808 perfectae
1177 1754 1283 1809 legis
1304 1753 1492 1808 exempli,
1516 1753 1672 1808 quippe

312 1822 432 1878 quod
447 1836 616 1879 sperare
642 1837 724 1864 non
744 1824 864 1865 liceat
889 1831 999 1867 certo
1022 1827 1278 1882 exploratum
1297 1826 1364 1879 iri,
1395 1838 1526 1880 aeque
1544 1824 1671 1867 absti-

308 1896 489 1938 nendum
510 1910 612 1951 esse,
643 1911 768 1951 quam
785 1912 810 1937 a
824 1911 1004 1940 summae
1021 1900 1117 1953 lege
1140 1899 1324 1940 Cincia
1341 1898 1532 1939 definitae
1552 1911 1670 1940 meu-

311 1970 436 2009 tione.
474 1969 620 2022 Itaque
637 1969 862 2024 praemissa
884 1976 925 2011 et
942 1970 1175 2011 definitione
1191 1970 1293 2025 legis
1311 1975 1353 2010 et
1374 1970 1574 2026 tripartita
1589 1970 1670 2020 iun,

312 2053 440 2096 quam
477 2040 736 2096 Cujacius
775 2044 968 2096 restituit,
1018 2043 1236 2094 divisione,
1287 2042 1345 2083 sic
1371 2042 1459 2084 fere
1488 2043 1671 2098 Ulpia-

311 2126 428 2154 num
458 2114 667 2169 scripsisse
698 2115 890 2157 arbitror:
937 2114 1146 2171 Petfecta,
1171 2114 1244 2155 lex
1282 2119 1364 2166 est,
1410 2128 1523 2171 quae
1553 2116 1670 2155 vetat

312 2186 479 2240 aliquid
487 2185 623 2242 fleri,
656 2192 698 2228 et
715 2188 932 2243 sifactum
949 2189 1025 2239 sit,
1039 2240 1041 2242 v
1057 2187 1287 2241 rescindit5
1317 2188 1458 2242 qualia
1476 2190 1539 2228 est
1564 2185 1670 2238 (sive

312 2256 471 2312 veluti)
492 2288 502 2298 .
524 2289 533 2298 .
553 2289 564 2298 .
587 2289 597 2299 .
617 2290 627 2300 .
650 2289 661 2301 .
682 2258 704 2299 ?
735 2258 1003 2318 Imperfecta
1030 2260 1102 2301 lex
1120 2264 1204 2313 est,
1236 2273 1348 2316 quae
1365 2263 1483 2303 vetat
1505 2257 1670 2314 aliquid

297 2329 436 2387 fieri,
477 2334 518 2370 et
546 2332 584 2371 si
594 2331 775 2387 factum
803 2334 877 2385 sit,
915 2346 998 2374 non
1022 2334 1248 2387 rescindit,
1289 2347 1369 2374 nec
1384 2344 1572 2389 poenam
1601 2332 1669 2373 ἱπ-

307 2400 457 2459 jungit
485 2402 546 2454 ei,
587 2404 660 2458 qm·
687 2408 837 2445 contra
863 2407 1009 2464 legem
1018 2405 1161 2464 Jecit5
1198 2406 1339 2463 qualis
1365 2409 1428 2446 est
1455 2404 1526 2446 lex
1551 2403 1669 2447 cin-

314 2476 424 2526 cia,
457 2489 571 2531 quae
584 2476 690 2531 plus
715 2491 846 2531 quam
863 2510 1028 2524 ......
1061 2480 1219 2521 donari
1243 2477 1457 2533 prohibet,
1489 2477 1668 2532 exceptis

313 2547 559 2600 quibusdam
580 2550 787 2604 cognatis,
820 2556 860 2591 et
877 2552 911 2592 si
935 2552 1027 2607 plus
1050 2551 1246 2592 donatum
1265 2550 1333 2603 sit,
1364 2564 1445 2592 non
1461 2546 1665 2595 rescindit·

311 2617 455 2662 Minus
477 2635 599 2675 quam
614 2623 801 2678 perfecta
824 2624 887 2665 lex
905 2627 1016 2676 est“,
1050 2630 1126 2666 etc.
1147 2646 1212 2656 —
1243 2623 1435 2667 Ceterum
1456 2626 1569 2671 sunt,
1596 2619 1667 2673 qui
