1784 3123
267 210 330 253 1³⁰

265 314 462 357 tuendam
484 318 602 370 putat
628 312 835 355 titulorum
859 312 1007 367 fidem,
1047 307 1130 356 non
1156 313 1288 355 solum
1314 313 1464 356 'codie'u
1483 319 1624 361 eorum

265 387 470 438 Vaticani,
503 385 576 425 sed
598 385 720 425 etiam
739 384 911 426 Mosaic.
932 392 974 427 et
991 386 1164 428 Roman.
1182 386 1265 442 leg.
1283 384 1518 427 collationis
1547 403 1624 430 au·

267 461 450 502 ctoritate
469 456 705 513 adjuvatur,
737 458 892 513 quippe
911 460 1161 512 quaetribus
1188 459 1406 515 capitibus,
1446 471 1497 499 ex
1526 459 1625 502 Ul·-

263 531 406 588 piani
436 529 552 572 libro
570 529 796 587 singulari
812 530 1119 586 Regularum,
1155 538 1201 574 ut
1216 532 1396 584 videtur,
1428 530 1626 590 deprom-es

263 605 335 657 tis,
374 604 401 646 i.
430 619 467 646 e.
494 604 553 646 tit.
571 604 623 645 11.
655 619 691 645 c.
709 603 775 657 2.,
807 604 864 647 tit.
885 603 955 645 vl.
976 618 1011 649 c.
1035 604 1077 646 2.
1096 611 1138 646 et
1165 606 1225 648 tit.
1246 606 1354 649 xvl.
1377 619 1411 646 c.
1429 603 1491 656 4.-‚
1522 603 1626 646 tituli

263 678 514 718 mentionem
529 677 758 731 praeponit.
780 698 843 707 —-
902 675 1194 717 Verumtamen
1213 665 1318 732 iluae
1333 679 1375 720 in
1394 678 1534 719 codice
1554 677 1626 717 illo

263 750 474 791 titulorum
509 749 727 803 descriptio
746 752 913 807 exstat,
966 761 1056 788 eam
1079 750 1302 803 permultas
1326 765 1428 806 prae
1453 765 1495 793 se
1517 750 1625 791 ferre
1666 784 1669 786 μ

264 823 539 877 perversitatis
570 827 687 861 notas
700 851 712 873 ,
750 821 863 860 nullo
893 826 1018 875 pacto
1049 812 1191 875 negari
1218 827 1367 875 potest.
1443 823 1544 873 Quis
1564 826 1626 862 est

266 895 395 947 enim,
428 894 498 949 qui
520 893 594 934 sibi
615 892 882 948 persuadeat,
913 892 1195 947 Ulpianum
1225 894 1383 934 titulum
1400 894 1450 938 ll.
1475 896 1534 936 sic
1561 895 1627 935 in-

265 967 496 1021 scripsisse:
527 966 629 1018 „De
648 971 771 1007 stata
790 965 936 1006 liberti
954 966 1023 1006 vel
1038 971 1160 1006 statu
1176 963 1393 1006 liberis“?
1455 966 1541 1020 (Ex
1555 966 1626 1006 illo

264 1038 473 1093 ‚,liber='1‚“
511 1045 556 1081 ut
580 1037 879 1095 praetereundo
905 1034 997 1080 hoc'
1012 1052 1224 1092 moneam,
1269 1053 1351 1081 non
1378 1053 1472 1081 cum
1499 1039 1626 1082 ,Hu-

264 1125 399 1166 gone
429 1111 665 1163 „liber-um,
679 1114 704 1135 ‘⁶
736 1111 810 1151 sed
828 1140 855 1163 „
869 1110 1007 1152 libero
1017 1114 1043 1136 “
1062 1112 1323 1151 efficiendum
1341 1113 1476 1167 puto.)
1546 1112 1626 1152 At-

264 1198 347 1237 que
384 1185 536 1226 etiamsi
562 1184 793 1240 posteriora
818 1183 946 1224 verba
981 1184 1074 1236 „vel
1101 1189 1205 1225 statu
1240 1184 1403 1226 liberis“
1432 1190 1625 1238 tanquam

263 1257 448 1310 ineptum
463 1257 777 1297 additamentum
795 1255 1052 1310 ejecerimus,
1083 1256 1185 1296 illud
1202 1262 1337 1296 tamen
1362 1263 1542 1297 remanet
1561 1257 1625 1296 in-
1656 1303 1660 1305 4

265 1329 495 1381 commodi,
537 1329 649 1383 quod
674 1342 758 1369 non
779 1333 886 1368 totus
912 1328 986 1369 iste
1016 1328 1153 1370 titulus
1182 1328 1234 1369 de
1254 1334 1358 1370 statu
1376 1330 1511 1371 liberis
1527 1330 1624 1385 agit,

261 1401 335 1441 sed
351 1402 448 1442 inde
465 1417 489 1441 a
509 1399 551 1458 §.
569 1401 611 1442 7.
637 1401 785 1442 diversi
800 1402 1120 1442 testamentariae
1146 1402 1339 1443 libertatis
1369 1402 1481 1442 modi
1502 1407 1624 1455 atque

263 1472 431 1514 effectus
449 1479 717 1528 exponuntur.
760 1472 876 1514 Haec
900 1487 997 1514 vero
1016 1473 1234 1528 disputatio
1251 1473 1296 1513 iis
1318 1474 1496 1527 quidem,
1517 1487 1624 1528 quae

259 1546 302 1585 in
320 1552 500 1585 extremo
519 1545 577 1584 tit.
597 1545 628 1585 l.
647 1547 925 1599 reperiuntur,
957 1547 1089 1600 probe
1108 1546 1316 1599 congruit,
1348 1560 1430 1586 non
1455 1560 1554 1587 vero
1569 1546 1624 1585 ti-

259 1617 397 1658 tulin.
416 1616 685 1671 ἰῐιεεήρῑίοηί;
704 1624 957 1673 quapropter
978 1632 1068 1658 eam
1086 1617 1165 1658 Hu
1175 1632 1205 1673 g
1216 1631 1241 1658 ο
1258 1624 1370 1659 recte
1389 1618 1441 1657 ab
1461 1622 1623 1658 antece-

263 1688 452 1729 dentibus
479 1691 679 1730 sententiis
706 1691 907 1744 separavit
930 1690 1141 1743 interjecta
1171 1691 1341 1742 lineola,
1393 1704 1516 1742 quam
1540 1690 1623 1729 aliis

263 1775 430 1816 quoque
458 1760 558 1801 locis
586 1760 730 1800 eadem
754 1762 805 1803 de
831 1776 951 1803 causa
978 1761 1174 1802 adhibuit.
1239 1761 1350 1802 Tum
1382 1761 1503 1802 etiam
1526 1761 1624 1802 utu-

261 1835 291 1875 li
303 1834 350 1876 V.
369 1833 600 1886 inscriptio:
619 1832 719 1883 „De
733 1834 814 1884 his,
836 1835 907 1888 qui
923 1835 966 1874 in
978 1839 1203 1890 potestate
1216 1837 1357 1884 sunt,“
1377 1835 1624 1887 aliquantum

263 1905 522 1947 dubitationis
545 1903 684 1947 habet.
747 1905 936 1958 Namque
960 1906 1001 1945 in
1023 1910 1226 1959 potestate
1257 1918 1339 1945 non
1363 1906 1492 1945 solum
1508 1904 1623 1946 liberi

262 1984 357 2020 sunt
373 1977 611 2033 parentum}
643 1992 784 2018 verum
804 1979 925 2018 etiam
950 1978 1055 2017 servi
1072 1977 1349 2025 dominorum;
1390 1983 1431 2016 at
1447 1978 1490 2017 in
1505 1978 1621 2017 titulo

259 2052 336 2092 isto
354 2050 407 2091 de
424 2049 561 2091 liberis
580 2056 733 2090 tantum
749 2051 789 2091 in
805 2055 1007 2105 potestate
1022 2054 1237 2104 parentum
1256 2050 1474 2090 constitutis
1492 2062 1621 2103 quae-

259 2125 378 2174 ritur,
410 2122 521 2163 unde
536 2122 680 2162 merito
702 2129 938 2177 exspectare
952 2122 1082 2177 possis
1095 2151 1107 2173 ‚
1142 2127 1187 2161 ut
1216 2122 1257 2161 in
1273 2122 1621 2178 inscriptioneilla

255 2195 462 2251 patriam
489 2195 575 2236 sive
595 2201 838 2250 parentum
853 2200 1098 2251 potestatem
1123 2201 1482 2236 commemoratam
1504 2194 1620 2234 inve-

258 2268 369 2316 nias;
408 2281 640 2321 quanquam
664 2269 752 2322 ipse
781 2269 933 2320 fateor,
967 2256 1053 2308 stoc
1080 2281 1163 2307 non
1188 2281 1442 2324 magnopere
1468 2280 1620 2322 urgen-

259 2340 358 2381 dum
385 2354 494 2391 esse,
534 2353 626 2380 cum
655 2340 856 2383 interdum
878 2342 997 2383 etiam
1025 2341 1195 2395 simplex
1210 2340 1419 2395 potestatis
1436 2339 1618 2380 vocabu-

258 2413 343 2453 lum
361 2412 587 2468 praecipue
607 2412 660 2452 ad
680 2415 852 2467 patriam
869 2419 1116 2470 potestatem
1132 2414 1331 2454 referatur
1343 2443 1355 2464 ‚
1386 2418 1430 2453 ut
1448 2412 1489 2452 in
1506 2413 1555 2455 L.
1572 2412 1616 2453 4.

260 2485 312 2528 D.
334 2486 386 2528 de
398 2486 575 2543 judiciis.
627 2485 763 2529 Multo
782 2503 878 2531 vero
895 2487 1067 2543 ineptior
1085 2493 1147 2529 est
1167 2487 1270 2528 tituli
1286 2486 1374 2528 Vll.
1392 2486 1618 2542 inscriptio:

261 2558 361 2611 „De
369 2557 475 2612 jure
499 2561 787 2602 donationum
806 2562 921 2603 inter
938 2561 1081 2601 virum
1098 2565 1141 2600 et
1158 2563 1395 2609 uxorem‚·“
1416 2561 1480 2600 cni
1499 2556 1617 2598 vide-

262 2631 358 2672 licet
388 2630 492 2673 duae
519 2639 675 2675 tantum
703 2634 791 2691 ejus
818 2635 922 2676 tituli
944 2633 1164 2676 sententiae
1183 2633 1340 2689 priores
1355 2628 1616 2687 respondent,

1760 1510 1784 1519 ,Λ

1698 1530 1784 1639 [s
