1784 3123
257 218 321 263 26

257 327 299 363 et
313 320 533 363 Emendat.
565 320 634 364 lib.
660 319 772 361 XIX.
807 332 842 361 c.
869 319 944 364 30.
971 321 1187 375 existimat,
1224 321 1446 378 praemissa
1470 326 1619 371 defini-

256 395 368 435 tione
387 395 490 448 legis
522 393 804 446 Ulpianum
835 394 893 433 sic
910 395 998 436 fere
1017 392 1243 450 scripsisse:
1273 395 1399 448 „Lex
1422 402 1619 452 autper-
1690 392 1696 399 ’

243 466 381 524 secta
411 469 504 517 est,
541 469 622 505 aut
651 463 936 521 imperfecta,
980 473 1060 509 aut
1089 467 1230 510 minus
1254 480 1386 524 quam
1394 466 1618 525 perfecta

256 537 475 592 Perfecta
511 538 586 578 lex
617 543 685 578 est
714 538 847 578 veluti
863 538 997 578 Aelia
1017 539 1201 593 Sentia,
1246 554 1358 596 quae
1386 545 1509 581 vetat
1532 541 1620 581 alia

255 609 364 665 quid
387 607 527 666 fieri,
576 614 619 650 et
651 609 689 650 si
711 607 896 665 sactum
927 608 1023 661 sit‚-
1049 612 1277 654 rescindit.
1346 602 1624 669 Impaefecta'

253 683 328 723 lex
356 688 425 724 est
453 683 588 724 veluti
614 682 787 734 Cincia‚
829 695 942 736 quae
963 695 1106 737 supra
1138 691 1309 726 certum
1335 685 1516 726 modum
1535 685 1618 725 do-

252 754 360 795 nari
371 755 399 780 ‘⁶
442 753 552 809 (jam
579 761 799 808 sequuntur
825 767 897 809 ea,
941 767 1046 809 quae
1076 754 1116 794 in
1139 756 1283 797 codice
1303 762 1441 798 nostro
1462 757 1620 798 servata

254 829 397 881 sunt‚)
428 827 671 881 „prohibet,
704 829 884 882 exceptis
906 827 1148 882 quibusdam
1177 830 1380 882 cognatis,
1412 835 1454 869 et
1475 831 1508 870 si
1527 830 1619 884 plus

255 900 455 940 donatum
483 899 556 950 sit,
594 914 677 954 non
702 899 905 942 rescindit.
963 884 1115 940 'Minus
1143 913 1265 953 quam
1293 885 1477 955 perfecta
1486 904 1512 925 ‘⁶
1541 906 1618 942 etc.

253 972 362 1013 Illud
386 972 557 1014 lacunae
586 973 935 1027 supplementum,
972 971 1086 1025 quod
1113 972 1168 1012 ad
1185 973 1469 1027 imperfectam
1482 973 1620 1027 legem

254 1049 437 1099 spectat,
467 1044 564 1085 inde
583 1058 608 1084 a
624 1044 783 1085 verbis:
814 1044 1087 1099 „Imperfecta
1112 1044 1179 1085 lex
1205 1044 1301 1086 est“
1326 1049 1426 1096 etc„
1458 1058 1483 1084 a
1514 1043 1620 1085 Cu-

245 1117 395 1173 jacio
433 1117 527 1172 jam
561 1116 727 1157 editioni
752 1117 1018 1172 Lugdunensi
1046 1131 1082 1157 a.
1112 1116 1247 1158 1566.
1282 1112 1530 1169 adhibitum,
1579 1116 1621 1157 in

253 1190 394 1245 plures
436 1188 586 1230 deinde
621 1189 717 1229 alias
743 1189 939 1231 editiones
966 1191 1204 1245 penetravit.
1284 1189 1620 1230 Mem-manus

254 1276 355 1303 vero
379 1263 405 1305 l.
423 1277 458 1303 c.
473 1262 518 1302 id
535 1261 701 1315 quidem
720 1263 931 1303 assentitur
963 1263 1036 1304 Cu
1039 1278 1060 1317 J
1074 1263 1152 1302 aci
1166 1276 1213 1313 o,
1254 1261 1368 1315 quod
1390 1261 1445 1301 ad
1470 1262 1619 1315 tripar-

253 1335 371 1375 titam
387 1335 505 1377 istam
522 1335 663 1389 legum
681 1334 916 1381 divisionem
939 1335 1173 1390 Ulpiano
1204 1334 1396 1374 tributam
1423 1334 1619 1388 pertinet3

254 1407 493 1460 ceteroquin
513 1412 650 1446 autem
666 1406 718 1445 ab
740 1420 790 1446 eo
809 1407 999 1459 discedit,
1038 1408 1192 1462 quippe
1217 1407 1322 1447 haec
1350 1407 1518 1462 opinans
1545 1419 1619 1460 ge-

251 1478 378 1519 nerali
395 1478 502 1533 legis
521 1477 704 1517 divisioni
733 1478 1014 1535 Ulpianum
1045 1479 1320 1534 subjunxisse:
1351 1479 1477 1530 „Lex
1506 1479 1620 1520 enim

254 1550 383 1592 Julia
421 1555 466 1591 et
507 1550 659 1606 Papia
697 1550 795 1591 viro
837 1557 881 1592 et
923 1551 1072 1601 uxori,
1123 1551 1317 1606 exceptis
1357 1550 1620 1605 quibusdam

244 1623 453 1679 personis
467 1652 479 1673 ‚
521 1623 610 1676 (aut
643 1623 873 1679 cognatis,
922 1624 987 1664 vel
1024 1622 1145 1663 etiam
1183 1621 1382 1677 casibus)
1416 1621 1620 1678 prohibet

251 1695 526 1736 matrimonii
557 1696 728 1737 nomine
766 1696 882 1737 inter
920 1709 968 1736 se
990 1695 1099 1751 plus
1139 1695 1316 1735 decima
1347 1708 1533 1751 cqpere:
1576 1700 1620 1736 et

250 1768 293 1810 si
327 1768 436 1824 plus
475 1767 681 1809 relictum
719 1768 796 1818 sit,
848 1767 1085 1821 rescindit,
1135 1768 1255 1823 quod
1299 1768 1458 1809 datum
1488 1769 1619 1823 lega-

250 1846 397 1882 tumve
443 1846 512 1881 est
519 1856 535 1890 ,·
590 1854 704 1896 quae
743 1841 815 1881 lex
849 1841 1060 1896 perfecta
1098 1847 1176 1882 est.
1240 1840 1516 1897 Imperfecta
1547 1841 1620 1882 lex

251 1918 346 1965 est,
404 1926 518 1967 quae
556 1912 786 1968 prohibet,
844 1914 1036 1966 exceptis
1091 1912 1355 1966 quibusdam
1397 1914 1618 1968 personis,

250 1983 344 2042 (aut
375 1985 610 2039 cognatis)
642 1985 800 2025 mortis
833 1997 974 2025 causa
1001 1985 1104 2038 plus
1137 1985 1332 2035 donare,
1377 1991 1419 2026 et
1449 1985 1489 2026 si
1511 1986 1617 2042 plus

251 2057 471 2098 donatum
503 2057 584 2107 sit,
616 2071 701 2098 non
734 2056 985 2098 νεεκῑὶηεῑῖτις
1018 2062 1094 2097 etc.
1158 2057 1507 2099 Zimmernius
1540 2058 1615 2097 de-

247 2131 371 2184 nique
400 2131 428 2173 l.
451 2144 509 2182 c.‚
543 2145 667 2185 quem
687 2131 806 2172 etiam
827 2130 879 2171 de
897 2130 991 2186 plus
1021 2144 1143 2184 quam
1168 2131 1352 2186 perfecta
1378 2131 1473 2187 lege
1500 2128 1616 2183 cogi-

247 2208 336 2243 tare
345 2204 437 2258 jam
454 2204 613 2256 monui,
645 2204 799 2251 initium
817 2204 1158 2259 Fragmentorum
1178 2211 1404 2246 nostrorum
1427 2206 1484 2245 sic
1497 2202 1616 2243 resti-

247 2269 447 2316 tuendum
477 2283 614 2330 putat:
656 2277 710 2330 „(
709 2277 821 2318 Plus
854 2291 988 2333 quam
1011 2277 1221 2333 *perfecta
1252 2279 1324 2319 lex
1364 2282 1452 2327 est,
1503 2286 1617 2328 quae

248 2353 372 2390 vetat
405 2349 580 2403 aliquid
597 2349 734 2406 fieri,
775 2355 838 2403 et,
882 2350 923 2392 si
940 2349 1128 2405 sactum
1157 2352 1234 2404 sit,
1272 2365 1360 2392 non
1389 2347 1522 2388 modo
1541 2359 1615 2387 re-

247 2422 425 2474 scindit,
458 2422 543 2463 sed
574 2427 617 2462 et
640 2435 832 2478 poenam
862 2421 1055 2480 injungit
1085 2425 1136 2476 ei,
1171 2424 1244 2481 qui
1276 2427 1438 2464 contra
1470 2420 1616 2477 legem

232 2493 376 2550 secit:
421 2495 570 2551 qualis
601 2501 668 2536 est
700 2497 772 2537 lex
802 2521 862 2529 —-
892 2499 978 2552 —)
1029 2496 1120 2555 [?].
1184 2496 1401 2553 Perfecta
1431 2487 1504 2535 lex
1534 2497 1614 2541 est,

248 2580 365 2621 quae
394 2574 516 2610 vetat
548 2569 722 2624 aliquid
737 2569 875 2627 fieri,
924 2576 990 2622 et,
1034 2571 1073 2612 si
1091 2570 1278 2628 sactum
1319 2569 1397 2620 sit,
1445 2563 1614 2608 rescin-

247 2639 341 2694 dit,
384 2641 468 2684 sed
501 2657 695 2698 poenam
736 2656 822 2685 non
863 2642 1078 2701 injungit,
1127 2643 1260 2686 veluti
1289 2665 1354 2674 —
1383 2663 1456 2678 —-.
1520 2633 1613 2675 Im-

1727 558 1742 581 ἱ
