1784 3123
164 340 319 378 tantum
337 335 462 378 verba
474 332 780 376 transscriberet
790 328 816 373 ?
851 332 918 374 An
934 346 1029 374 eum
1043 331 1317 374 insimulemus
1335 338 1418 375 tam
1442 337 1508 377 in-

163 408 311 450 sulsum
334 409 477 459 fuisse,
508 409 553 446 ut
569 403 762 444 consulto·
784 404 858 446 sub
877 405 995 447 certis
1018 404 1163 460 titulis,
1194 404 1306 446 velut
1331 404 1442 448 XIII.
1468 411 1509 447 et

162 483 271 524 XIV.
283 514 297 535 ,
326 482 423 523 talia
442 479 682 531 collocaret,
713 493 818 533 quae
835 481 888 521 ad
906 494 977 521 eos
993 479 1116 533 plane
1139 493 1220 519 non
1236 480 1509 531 convenirent,

163 559 303 595 contra
317 537 686 611 praetermitteret,
719 565 822 605 quae
839 553 894 593 eis
920 555 1054 593 essent
1081 551 1376 592 consentanea?
1419 551 1509 591 De-

161 626 282 681 nique
298 625 411 666 nullo
425 629 557 678 pacto:
573 623 673 664 illud
689 627 879 667 assentior
900 615 987 666 viro
1016 622 1202 673 laudato,
1234 623 1346 675 quod
1365 624 1508 665 existi-

160 704 266 749 mat,
306 709 413 750 quae
439 695 550 736 initio
575 695 612 736 F
612 703 912 752 tagmentorum
937 701 1167 738 nostrorum
1193 693 1247 734 de
1276 694 1434 749 legibus
1466 700 1508 736 et

160 769 338 810 moribus
355 769 535 823 exposita
552 770 820 820 inveniantur,
852 785 901 811 ea
927 784 953 810 a
979 768 1143 809 librario
1163 766 1344 820 quodam
1370 767 1509 808 addita

159 836 259 881 esse.
326 840 403 881 Cui
422 841 586 895 quidem
606 842 785 896 opinioni
800 843 842 882 in
861 842 1002 882 codice
1019 839 1216 881 Vaticano
1241 839 1307 880 vel
1330 838 1413 879 hoc
1427 839 1508 879 ob-

159 917 256 963 stat,
293 913 427 967 quod,
467 928 572 968 quae
609 914 663 954 ad
688 914 803 970 leges
834 917 1040 969 spectant,
1079 902 1239 952 mediae
1270 911 1323 952 de
1354 911 1507 952 libertis

157 986 379 1038 quaestioni
398 987 596 1028 inculcata
614 976 892 1041 reperiuntur3
924 1000 1005 1040 qua
1028 986 1080 1026 de
1112 999 1154 1026 re
1171 985 1297 1040 paulo
1320 989 1416 1039 post
1441 983 1507 1024 di-

158 1070 306 1100 cemus.
367 1058 456 1098 Nec
485 1073 582 1098 vero
606 1059 736 1113 magis
763 1058 984 1099 audiendus
1011 1059 1106 1108 erit,
1148 1059 1180 1098 si
1205 1058 1292 1111 quis
1318 1056 1374 1096 ad
1400 1056 1505 1096 anti-

156 1129 340 1182 quiorem
356 1129 563 1169 librarium
581 1130 898 1171 additamentum
919 1130 1022 1172 illud
1045 1131 1198 1171 referre
1223 1129 1347 1170 malit.
1409 1129 1505 1169 Non

156 1201 287 1241 solum
313 1201 419 1241 enim
441 1215 597 1242 morem
625 1203 747 1243 fuisse
782 1209 965 1244 veterum
991 1201 1380 1244 Jurisconsultorum
1403 1213 1504 1240 con-

155 1276 254 1325 stat,
285 1277 330 1312 ut
352 1272 482 1324 libris,
514 1275 583 1327 qui
603 1288 799 1315 summam
808 1275 914 1329 juris
933 1274 1079 1328 privati
1096 1272 1151 1313 ad
1170 1276 1301 1312 artem
1327 1271 1506 1313 revocati

156 1344 424 1394 continerent,
470 1345 523 1385 de
549 1343 725 1386 fontibus
743 1347 847 1401 juris
875 1346 1182 1399 praemitterent
1213 1344 1431 1392 nonnulla;
1481 1358 1508 1384 a

154 1429 238 1470 quo
271 1417 416 1457 mirum
442 1432 538 1458 sane
563 1419 689 1469 foret,
732 1419 765 1458 si
798 1418 1061 1472 Ulpianus
1101 1415 1142 1456 in
1175 1415 1280 1456 libro
1315 1416 1505 1472 singulari

153 1489 406 1543 Regularum
425 1490 690 1535 discessisset:
710 1502 853 1528 verum
872 1490 991 1529 etiam
1013 1489 1171 1528 dicendi
1187 1500 1318 1540 genus
1332 1487 1373 1526 in
1390 1488 1504 1527 brevi

152 1559 220 1600 illa
236 1559 289 1600 de
308 1560 487 1600 moribus
506 1565 547 1600 et
572 1561 732 1616 legibus
759 1561 1025 1616 disputatione
1051 1565 1135 1599 tam
1160 1551 1293 1613 probe
1316 1572 1411 1599 cum
1436 1573 1504 1600 re-

153 1633 269 1685 liquis
295 1632 636 1687 Fragmentorum
656 1639 882 1674 nostrorum
899 1632 1081 1686 partibus
1101 1631 1306 1687 congruit,
1338 1637 1383 1671 ut
1402 1632 1503 1672 sub-

143 1703 336 1759 jectionis
366 1705 582 1759 suspicioni
610 1706 740 1745 nullus
766 1705 878 1745 locus
908 1706 1168 1758 relinquatur.
1243 1703 1371 1754 Quod
1404 1717 1504 1745 vero

150 1776 283 1816 brevis
313 1776 381 1814 illa
394 1803 405 1823 ‚
438 1789 560 1827 quam
586 1776 711 1815 modo
739 1776 839 1826 dixi,
882 1777 1100 1831 disputatio
1130 1777 1171 1816 in
1198 1776 1340 1816 codice
1365 1781 1504 1816 nostro

149 1846 341 1903 peculiari
359 1847 474 1887 titulo
493 1852 614 1900 caret,
637 1848 733 1901 (illa
752 1849 877 1901 enim,
910 1863 1015 1903 quae
1032 1850 1073 1890 in
1091 1849 1296 1905 plerisque
1316 1848 1504 1889 editioni-

149 1921 226 1961 bus
256 1919 512 1974 conspicitur,
544 1908 776 1975 inscriptio:
809 1922 915 1972 „De
942 1921 1112 1977 legibus
1140 1926 1180 1962 et
1207 1920 1447 1971 moribus“‚
1478 1934 1503 1960 a

152 1991 294 2033 codice
322 1992 493 2047 abest,)
524 2007 572 2033 ac
600 2007 760 2061 morum
788 1994 967 2037 definitio
995 1995 1117 2036 indici
1144 1995 1351 2035 titulorum
1367 2007 1502 2049 prae-

150 2066 270 2106 missa
291 2071 373 2115 est,
406 2066 519 2119 quod
546 2066 657 2106 idem
684 2067 737 2107 de
758 2068 804 2107 iis
830 2081 1017 2121 quoque,
1051 2082 1156 2121 quae
1186 2067 1240 2106 ad
1261 2068 1375 2120 leges
1401 2080 1501 2119 per-

150 2139 297 2189 tinent,
327 2138 416 2179 fieri
446 2139 684 2193 oportebat,
716 2139 759 2179 id
787 2145 888 2194 puto
916 2154 966 2180 ex
993 2154 1042 2180 ea
1067 2154 1187 2180 causa
1214 2137 1501 2179 deducendum

151 2226 261 2263 esse,
304 2210 398 2263 quia
432 2199 472 2249 in
508 2212 788 2264 antiquissimis
825 2212 916 2250 libri
954 2212 1171 2265 Ulpiani
1203 2210 1500 2264 exemplaribus

150 2283 429 2339 manuscriptis
453 2283 592 2337 prima
618 2284 768 2340 pagina
792 2284 941 2324 nullam
966 2284 1169 2334 habebat,
1202 2283 1304 2324 sicut
1327 2287 1499 2333 ceterae,

151 2357 354 2398 rubricam
372 2371 551 2397 summae
581 2370 677 2397 orae
696 2357 945 2413 adpositam;
978 2356 1324 2412 quemadmodum
1350 2355 1499 2396 hodie-

150 2442 232 2482 que
247 2429 288 2469 in
306 2431 444 2485 primis
466 2430 659 2471 librorum
682 2431 791 2486 typis
814 2432 1105 2488 exscriptorum
1129 2430 1287 2487 paginis
1317 2441 1391 2468 usu
1417 2440 1499 2468 ve-

150 2501 237 2542 nire
264 2502 377 2542 solet.
449 2526 456 2541 -,

273 2572 349 2614 His
368 2574 504 2628 itaque
529 2575 776 2631 praemissis,
808 2589 915 2616 nune
944 2576 998 2617 ad
1022 2574 1200 2630 singula,
1232 2586 1337 2627 quae
1363 2571 1499 2613 adhuc

152 2647 337 2689 videntur
355 2650 592 2690 tractatione
609 2649 745 2707 critica
762 2648 960 2704 indigere,
978 2649 1322 2703 Fragmentorum
1336 2650 1498 2687 nostro-
