1755 3123
105 360 212 402 quae
245 345 417 402 proprie
446 344 633 385 dicuntur
644 369 657 391 ‚
689 340 877 396 exempla
897 340 1125 393 miscuisse,
1158 346 1200 382 et
1212 371 1226 396 ,
1258 343 1370 396 quod
1391 358 1462 386 ca-

105 426 182 475 put
210 425 270 460 est
280 450 294 473 ,
344 420 481 472 ipsum
505 414 607 455 illud
638 413 1036 456 Senatusconsnltum
1066 415 1105 455 vi
1133 428 1203 456 sua
1226 413 1466 471 perfectae

103 492 239 546 potius
253 520 266 542 ,
318 495 440 543 quam
463 485 730 540 imperfectae
761 487 863 542 legis
881 488 1015 527 vicem
1037 486 1201 531 obtinet.
1266 487 1395 538 Quod
1414 501 1466 527 ne

103 562 441 604 Mem-manus
487 548 653 612 quidem
687 558 900 611 diffitetur,
944 557 1020 598 sed
1041 558 1120 598 alia
1133 553 1193 599 'ex
1212 566 1331 614 parte
1352 561 1465 601 idem

104 632 499 676 Senatusconsultum
515 637 633 685 putat
655 632 940 686 imperfectum
959 631 1083 670 fuisse
1096 659 1108 680 ‚
1141 638 1333 683 quatenus
1355 634 1462 673 scili—

105 711 170 747 cet
183 718 265 745 non
284 703 494 745 resciderit
511 705 576 757 id,
608 704 720 758 quod
738 705 824 745 viro
848 709 889 745 et
907 704 1022 745 uxori
1037 703 1133 757 plus
1165 703 1325 744 decima
1349 719 1463 746 mor-

102 779 151 818 tis
168 789 288 824 causa
300 775 494 817 donatum
511 782 639 825 esset3
670 780 947 816 verumtamen
963 776 1084 830 hujus
1106 777 1355 830 exceptionis
1370 778 1462 816 nul-

103 850 187 889 lum
219 854 397 903 apparet
418 850 458 890 in
482 840 585 890 loco⁸
609 847 810 902 allegato,
851 861 932 901 quo
951 854 1237 903 argumentum
1267 848 1464 890 Senatus-

104 921 272 961 consulti
291 921 392 961 illius
405 921 655 970 describitur,
679 920 907 974 vestigium.
919 944 982 951 --
1000 920 1134 961 Multo
1147 926 1283 961 autem
1300 920 1460 968 melior,

103 1007 227 1046 quam
240 992 290 1032 M
299 1006 322 1033 e
331 1007 429 1033 erm
438 1008 462 1033 a
473 993 525 1033 ni
541 992 774 1047 conjectura
789 992 912 1032 modo
932 993 1116 1043 refutata,
1135 993 1171 1034 C
1184 1008 1208 1034 u
1209 1009 1231 1048 J
1246 1008 1271 1034 a
1280 994 1355 1033 cii
1371 1006 1459 1033 sen-

101 1066 225 1106 tentia
243 1069 315 1114 est,
340 1078 570 1117 quanquam
587 1078 662 1104 nec
681 1064 772 1118 ipsa
788 1064 839 1104 ab
859 1065 969 1104 omni
983 1065 1298 1119 reprehensione
1316 1078 1457 1105 vacua.

103 1137 229 1189 Quod
251 1137 356 1194 enim
375 1137 442 1176 hic
467 1137 528 1176 vir
551 1136 801 1177 doctissimus
826 1137 1018 1199 idemque
1048 1139 1225 1197 sagaciss
1208 1138 1328 1177 simus
1355 1150 1457 1191 per·
1533 1141 1552 1172 ἴ
1570 1161 1576 1169 ·

101 1211 235 1253 fectae
263 1185 429 1262 quidem
455 1209 557 1262 legis
589 1208 859 1249 definitionem
885 1211 1101 1264 proponit,
1135 1192 1368 1262 exemplum
1389 1220 1458 1246 au-

101 1287 186 1324 tem
218 1281 395 1323 nominat
426 1286 599 1331 tantum,
637 1296 717 1322 non
746 1282 888 1333 etiam,
931 1282 1031 1335 quid
1057 1296 1107 1322 eo
1137 1285 1301 1321 cautum
1326 1278 1459 1330 fuerit,

102 1356 312 1404 describit,
345 1360 485 1393 contra
507 1354 770 1408 imperfectae
794 1355 897 1407 legis
916 1354 1148 1393 defiuitione
1175 1352 1461 1406 praetermissa

102 1428 334 1482 exemplum
359 1426 551 1466 duntaxat
576 1425 719 1476 affert,
750 1426 794 1465 id
811 1439 904 1465 cum
926 1440 1002 1480 per
1019 1439 1062 1466 se
1078 1438 1225 1480 parum
1244 1428 1458 1464 consenta-

100 1513 223 1540 neum
241 1500 311 1549 sit,
342 1504 430 1537 tum
447 1510 546 1536 vero
567 1496 737 1536 discedit
762 1511 788 1536 a
805 1498 958 1537 ratione
970 1527 981 1548 ,
1014 1511 1093 1549 qua
1114 1497 1165 1535 de
1183 1495 1312 1534 minus
1333 1507 1458 1547 quam

99 1571 284 1626 perfecta
312 1568 407 1624 lege
432 1568 709 1623 Ulpianum
739 1568 964 1623 disputasse
998 1581 1047 1607 ex
1075 1567 1270 1607 Vaticano
1312 1565 1457 1606 codice

102 1643 406 1699 cognoscimus;
449 1655 580 1695 eoque
608 1642 769 1681 nomine
792 1646 900 1680 recte
926 1639 1024 1680 mihi
1050 1640 1209 1680 videtur
1233 1639 1457 1694 Hugoin

100 1715 397 1756 Additamentis
433 1714 670 1754 novissimae
701 1712 882 1751 editionis
912 1712 1116 1752 Historiae
1135 1712 1240 1766 juris
1266 1712 1388 1752 Rom.
1413 1725 1457 1766 p.

100 1786 236 1828 1⁰67.
269 1786 305 1826 C
316 1799 341 1825 u
342 1800 364 1838 J
375 1785 473 1824 acii
492 1784 817 1838 supplementum
833 1783 887 1823 ad
904 1784 1187 1838 imperfectam
1204 1785 1344 1839 legem
1361 1798 1459 1839 spe-

101 1864 211 1898 ctans
252 1855 566 1910 reprehendere.
641 1855 803 1895 Deinde
828 1855 947 1895 etiam
968 1855 1020 1894 de
1041 1857 1229 1910 exemplo
1246 1856 1457 1910 perfectae

99 1930 204 1984 legis
231 1928 404 1976 dubitari
431 1933 590 1982 potest,
629 1941 728 1967 num
756 1927 1062 1967 accommodate
1087 1928 1142 1967 ad
1164 1932 1342 1968 mentem
1360 1927 1456 1969 Ul-

98 2000 244 2057 piani
279 2000 418 2055 legem
453 2000 655 2041 Aeliam
691 1999 920 2041 sentiam
958 1999 1200 2041 adhibuerit.
1298 2000 1457 2051 Quam-

100 2074 159 2113 vis
189 2072 296 2112 enim
330 2086 589 2126 nequaquam
623 2073 804 2127 ineptum
832 2071 911 2110 dici
938 2073 1067 2124 possit
1099 2073 1180 2112 hoc
1212 2073 1455 2126 exemplum,

100 2144 272 2184 maxime
291 2148 462 2197 propter
486 2158 577 2184 eam
600 2143 865 2191 sanctionem,
898 2155 1003 2194 quae
1027 2143 1068 2181 in
1087 2143 1341 2197 Fragmentis
1376 2156 1455 2183 no-

102 2218 190 2257 stris
212 2217 270 2256 tit.
287 2216 318 2256 1.
336 2213 378 2271 §.
406 2212 499 2265 15„
530 2216 644 2269 apud
676 2214 858 2269 Gajum
884 2213 1053 2254 Institut.
1075 2213 1303 2254 Comment.
1322 2214 1354 2255 Ι.
1380 2210 1456 2270 §§.

102 2287 175 2329 37.
204 2295 245 2329 et
272 2288 345 2329 47.
378 2292 498 2340 atque
525 2301 589 2341 pr.
616 2288 648 2328 Ι.
679 2288 749 2340 qui
777 2292 816 2327 et
835 2285 944 2339 quib.
970 2299 1021 2325 ex
1047 2299 1153 2328 caus.
1172 2301 1349 2328 manum.
1374 2300 1458 2327 non

101 2372 225 2413 poss.,
257 2364 615 2410 commemoratur,
646 2365 782 2399 tamen
801 2364 841 2399 et
855 2358 958 2397 aliae
977 2364 1068 2398 sunt
1082 2346 1218 2413 leges,
1250 2373 1355 2413 quae
1375 2371 1457 2397 non

101 2430 231 2470 minus
248 2432 462 2473 commode
484 2431 638 2486 possint
657 2436 851 2484 tanquam
879 2429 1066 2485 exempla
1091 2431 1365 2485 perfectarum
1393 2429 1457 2470 le-

103 2516 204 2557 gum
221 2503 377 2565 afferri,
407 2505 517 2545 velut
534 2503 600 2542 lex
614 2502 772 2543 Furia
795 2501 1038 2553 Caninia,
1055 2509 1158 2543 teste
1180 2503 1312 2557 Gajo
1329 2502 1457 2544 Instit.

105 2574 313 2618 Comm.·1.
332 2574 374 2633 ᾗ.
391 2577 478 2631 46.,
508 2577 686 2629 itemque
701 2574 957 2625 Voconia,
991 2576 1144 2629 quippe
1166 2589 1281 2628 cum,
1315 2576 1348 2616 si
1369 2577 1456 2630 quis

106 2654 241 2690 contra
269 2649 389 2706 hujus
415 2651 517 2705 legis
543 2648 778 2690 sententiam
807 2648 1016 2690 mulierem
1042 2647 1238 2689 heredem
1264 2649 1456 2691 instituis-
