1730 3123
1341 205 1405 253 45

61 317 104 362 fid
123 312 243 371 quod
250 313 376 364 etim
402 299 759 359 Zimmerniu's
783 308 825 352 in
854 308 1073 354 Historia
1047 323 1131 368 ,ιιι
1157 308 1281 359 Rom.
1293 313 1404 367 priv.

62 390 181 432 Tum.
199 388 232 433 1.
251 403 308 445 p.
306 387 423 430 764.
441 391 523 428 not.
544 382 616 427 15.
635 384 776 440 tangit.
836 384 933 436 Quo
949 385 1079 426 minus
1099 398 1199 426 vero
1218 383 1320 426 alius
1345 373 1408 424 le-

59 462 125 518 gis
149 475 298 505 nomen
323 461 400 502 sub
427 470 532 500 voce
558 485 585 507 „
599 457 838 500 caesar-52⁶⁶
859 458 986 499 latere
1005 457 1239 517 credamus,
1270 456 1410 514 plures

58 533 284 590 impediunt
300 545 466 581 causae,
499 535 585 570 tum
605 529 717 583 quod
733 530 876 571 ductus
896 525 1127 581 literarum,
1166 531 1311 584 quibus
1334 530 1411 571 ista

35 631 40 635 ι
59 618 140 647 vox
157 609 341 652 constat,
381 590 493 642 nihil
507 601 628 656 plane
643 602 814 655 habent,
856 601 966 643 unde
989 601 1085 653 lex,
1115 602 1227 654 quod
1243 601 1411 656 quidem

59 677 231 720 verbum
260 664 525 729 Ulpianus
566 674 643 730 ipsi
667 675 820 716 nomini
843 674 969 730 legis,
1009 674 1043 715 si
1079 687 1204 727 quam
1229 686 1413 732 comme-

57 754 234 799 morat,
243 747 502 801 praemittere
518 748 640 802 solet,
673 748 764 789 elici
783 753 919 801 queat,
949 752 1036 788 tum
1052 746 1200 800 qnod
1187 759 1229 786 m
1243 750 1329 786 tota
1344 729 1412 785 hi-

59 820 181 865 storia
199 818 305 875 juris
336 819 509 861 Romani
537 819 665 873 nulla,
693 819 824 874 ‚quod
853 819 998 872 sciam,
1028 819 1096 860 lex
1115 823 1281 874 praeter
1310 817 1415 859 Ae-

59 895 191 946 liam·
226 891 458 934 Sentiam
494 893 713 944 invenitur,
754 892 820 932 cui
838 892 905 943 id,
950 892 1065 946 quod
1090 892 1160 932 illo
1190 890 1413 946 Ulpiani

58 967 152 1008 loco
181 965 425 1017 continetur,
468 965 590 1005 tribui
618 964 886 1019 probabiliter
912 965 1063 1019 possit,
1105 970 1193 1004 tum
1218 963 1412 1016 denique,

58 1036 171 1093 quod
198 1036 323 1093 paulo
350 1042 445 1092 post
473 1036 600 1092 (initio
617 1033 660 1094 §.
681 1035 773 1092 13.)
788 1037 979 1093 leguntur
996 1036 1099 1077 haec
1118 1035 1263 1077 verba:
1294 1033 1410 1089 „Ea-

59 1111 155 1151 dem
174 1110 276 1151 lex“
296 1114 372 1149 etc.
387 1139 399 1160 ‚
431 1110 544 1161 atqui
566 1122 671 1161 quae
688 1110 734 1149 iis
754 1110 1009 1165 subjungitur
1025 1110 1127 1164 legis
1145 1107 1310 1168 sanctio,
1329 1106 1411 1146 du-

58 1182 178 1226 bitari
201 1181 360 1237 nequit,
401 1181 499 1235 quin
526 1181 631 1236 legis
668 1182 856 1224 Aeliae
888 1181 1103 1224 Sentiae
1135 1181 1184 1221 sit
1208 1178 1283 1233 (cf.
1305 1177 1411 1220 Ga-

52 1255 141 1310 jus
173 1253 206 1292 Ι.
227 1250 270 1309 §.
290 1251 363 1292 38.
391 1258 432 1291 et
460 1249 502 1308 ἓ.
524 1252 566 1291 4.
599 1253 631 1294 1.
655 1254 725 1306 qui
750 1259 792 1293 et
809 1252 918 1307 quib'.
943 1266 994 1293 ex
1016 1266 1124 1294 caus,
1139 1262 1316 1291 manum.
1332 1261 1415 1288 non

59 1311 190 1381 poss.)
216 1325 257 1364 in
285 1338 368 1378 quo
396 1324 561 1377 quidem
588 1332 828 1380 argumento
854 1331 966 1365 tanta
993 1326 1053 1365 vis
1087 1325 1216 1376 inest,
1264 1327 1311 1363 ut
1332 1321 1417 1361 hoc

60 1410 183 1443 unum
203 1396 377 1437 sufficiat
406 1395 458 1436 ad
477 1395 710 1452 opinionem
728 1397 847 1437 istam
865 1395 1136 1438 refutandam.
1158 1419 1222 1427 —
1281 1393 1416 1453 Aliam

62 1470 388 1511 emendationem
417 1470 774 1527 Zimmernius
805 1469 832 1512 1.
855 1483 889 1510 c.
908 1471 1114 1525 proponit.
1177 1467 1414 1521 suspicatur

61 1540 169 1583 enim
190 1552 270 1596 pro
293 1538 562 1592 „caesaris“
582 1538 803 1595 legendum
824 1554 929 1582 esse:
961 1539 1180 1593 Senatus,
1211 1539 1268 1580 ita
1285 1543 1331 1580 ut
1345 1542 1414 1579 to-

60 1619 142 1653 tam
164 1612 441 1666 quaestionem
462 1612 515 1652 de
531 1613 687 1652 minore
704 1613 866 1666 triginta
881 1625 1078 1652 annorum
1094 1624 1212 1652 servo
1233 1603 1300 1652 vel
1321 1611 1414 1651 vin·-

63 1672 171 1732 dicta
193 1684 278 1725 sine
300 1684 487 1736 consilio,
519 1683 585 1724 vel
603 1688 843 1724 testamento
859 1685 1102 1726 manumisso
1119 1689 1242 1738 atque
1258 1681 1415 1724 herede

60 1757 263 1807 instituto,
302 1756 391 1810 ipsa
425 1755 521 1809 lege
561 1754 708 1796 Aelia
749 1755 781 1797 S
795 1757 937 1796 entia
979 1756 1163 1797 nondum
1194 1755 1416 1806 definitam,

58 1828 186 1884 paulo
220 1832 317 1882 post
344 1826 701 1869 senatusconsulto
714 1828 862 1882 ,aliquo
889 1841 983 1868 eum
1008 1829 1050 1869 in
1070 1828 1259 1878 modum,
1292 1840 1417 1881 quem

60 1887 320 1956 Ulpianus
358 1899 507 1951 refert,
548 1898 727 1941 decisam
753 1915 844 1942 esse
881 1901 1107 1942 arbitretur.
1185 1899 1256 1942 Ad
1290 1912 1417 1954 quam

61 1973 228 2026 quidem
243 1972 568 2013 emendationem
585 1972 905 2013 confirmandam
924 1973 1007 2013 duo
1024 1973 1147 2013 affert
1162 1977 1417 2027 argumenta,

64 2043 256 2097 alterum,
297 2043 411 2098 quod
437 2043 590 2099 duplex
611 2044 713 2085 illud
743 2044 913 2086 verbum
937 2051 1103 2101 „putat
1112 2047 1139 2070 “
1164 2051 1207 2086 et
1227 2042 1416 2099 „jubew
1448 2067 1451 2068 ν

63 2129 145 2156 non
170 2116 245 2155 nisi
267 2106 324 2155 ad
348 2115 749 2158 Senatusconsultum
778 2117 1012 2168 conveniat,
1063 2118 1254 2167 alterum,
1301 2115 1416 2169 quod

39 2185 144 2229 ‘Ga
146 2187 235 2243 jus
270 2187 322 2232 ll.
341 2183 384 2244 §.
403 2186 506 2231 276.
546 2188 946 2230 senatusconsultum
979 2193 1292 2241 commemoret,
1331 2201 1416 2242 quo

65 2259 314 2313 prohibitum
347 2259 417 2311 sit,
472 2261 714 2315 „proprium
741 2273 903 2301 servum
928 2260 1126 2301 minorem
1151 2260 1263 2301 annis
1297 2260 1417 2302 m

65 2318 238 2379 liberum
253 2339 295 2374 et
311 2331 508 2374 heredem
525 2332 769 2374 instituere.“
828 2332 925 2388 Ego
953 2347 1053 2374 vero
1079 2347 1178 2374 num
1204 2332 1267 2376 his
1287 2347 1416 2389 argu·

65 2404 208 2443 mentis
234 2398 340 2447 'illud
358 2405 554 2461 probetur
565 2433 577 2455 ,
620 2404 734 2457 quod
749 2405 809 2446 vir
828 2404 1081 2447 doctissimus
1100 2407 1206 2458 vult,
1238 2405 1417 2448 adaulfi-⁷

66 2475 233 2516 tandum
254 2491 409 2520 censeo.
470 2478 650 2518 Primum
672 2478 778 2519 enim
794 2491 877 2518 non
895 2484 957 2519 est
974 2479 1304 2529 concedendum,
1329 2492 1416 2534 pu-

69 2547 206 2592 tandi.
228 2549 398 2592 verbum
429 2550 783 2593 Senatusconsulto
814 2536 970 2592 tantum
1008 2552 1242 2600 convenire;
1288 2551 1417 2594 immo

70 2620 190 2666 etiam
206 2621 279 2664 lex
299 2622 501 2666 interdum
521 2624 664 2670 dicitur
668 2629 852 2680 putare,
874 2629 960 2667 tum
980 2624 1144 2675 scilicet,
1160 2628 1207 2664 ut
1227 2624 1259 2666 S
1273 2624 1419 2667 chul-
