1784 3123
292 344 433 375 carum
458 330 664 372 diversitas
692 329 796 372 inter
819 331 940 386 plura
965 331 1149 388 ejusdem
1173 328 1265 371 libri
1289 332 1535 384 exemplaria
1558 340 1645 376 orta

292 407 362 458 sit,
412 420 437 446 a
472 404 630 443 diversa
659 394 806 443 eorum
840 405 997 445 ratione
1033 402 1340 461 argumentique
1371 401 1645 459 dispositione,

293 475 638 533 quemadmodum
650 476 743 532 jam
764 490 887 531 supra
901 479 1062 530 monui,
1088 477 1220 533 repeti
1236 475 1396 532 poterit·
1458 464 1646 530 Namque

292 535 428 590 titulus
461 547 569 599 „De
591 549 756 603 nuptiis
765 551 791 574 “
822 554 907 588 tum
926 549 1181 602 potissimum
1207 553 1369 604 poterat
1391 560 1440 587 ac
1469 545 1648 588 debebat

292 621 423 675 magis
452 626 769 670 consentaneus,
802 633 927 671 quam
950 620 1072 668 alter,
1103 622 1254 671 videri,
1287 621 1319 660 si
1345 620 1449 659 forte
1466 619 1536 658 illa
1555 633 1649 658 sen·

292 691 440 736 tentia,
472 703 496 726 a
516 691 654 739 quain
680 694 818 726 nostro
842 687 983 724 codiee
1008 688 1145 725 titulus
1171 690 1220 726 V.
1248 690 1407 741 incipit:
1449 687 1541 736 „In
1564 698 1650 740 po-

293 767 449 809 testate
463 766 562 808 sunt
584 759 709 807 liberi
720 765 975 821 parentum,
1009 757 1191 819 exjusto
1213 762 1483 807 matrimonio
1508 762 1650 823 '³¹¹5‘ss

293 840 335 874 in
355 850 436 873 uno
466 842 535 872 aut
560 837 687 871 altero
714 835 936 885 exemplari
954 835 1044 883 jam
1068 840 1291 870 extremam
1315 836 1510 884 paginam
1534 839 1651 871 ante-

296 904 510 948 cedentem
539 909 802 961 occupasset,
853 902 909 945 ita
932 907 977 945 ut
1004 917 1174 960 sequens
1210 901 1363 961 pagina
1403 916 1486 946 non
1512 903 1587 947 nisi
1610 902 1653 946 in

288 981 389 1032 justi
417 980 656 1018 matrimonii
684 985 724 1017 et
752 978 1043 1016 conditionibus
1069 984 1110 1016 et
1135 978 1349 1016 effectibus
1377 978 1653 1016 describendis

297 1053 537 1088 versaretur.
604 1046 710 1086 Cum
741 1061 839 1086 vero
866 1046 918 1085 (le
944 1060 1133 1096 numero,
1166 1060 1249 1097 quo
1276 1046 1412 1085 titulus
1440 1046 1516 1085 iste
1546 1045 1655 1095 „De

295 1117 454 1180 ’111111ῐίἱέ
466 1117 492 1149 “
523 1115 733 1178 insignitus
752 1115 893 1174 fuerit,
922 1114 1156 1166 Collationis
1178 1122 1320 1166 auctor
1339 1136 1506 1177 prorsus
1528 1115 1655 1174 sileat,

298 1189 435 1239 neque
461 1193 503 1225 in
527 1192 689 1236 reliquis
721 1191 880 1224 duobus
906 1190 1123 1238 capitibus,
1169 1201 1274 1238 quae
1298 1190 1391 1239 jam
1417 1200 1540 1239 supra.
1572 1188 1656 1223 dixi

298 1258 566 1321 probabiliter
586 1272 635 1300 ex
665 1257 885 1318 Ulpiani
917 1256 1027 1301 libro
1046 1259 1265 1319 singulari
1283 1254 1562 1319 Regularum
1579 1257 1655 1301 de'-

299 1342 463 1386 promta
492 1347 604 1379 esse,
636 1335 1053 1370 titulorum-mentioni
1073 1334 1125 1370 de
1144 1345 1314 1370 numero
1331 1333 1554 1382 quidquam
1580 1333 1656 1368 ad-

291 1402 431 1458 jiciat,
462 1399 577 1441 haud
595 1399 684 1439 leve
710 1400 855 1440 exinde
884 1413 1093 1455 emergere
1110 1400 1268 1441 videtur
1297 1405 1579 1456 argumentum
1603 1398 1656 1440 ad
1688 1412 1694 1423 ¹

301 1471 620 1514 confirmandam
641 1471 920 1525 conjecturam
949 1486 1071 1525 supra
1091 1473 1367 1525 propositam,
1399 1473 1440 1512 in
1464 1472 1657 1525 antiquis-

302 1543 410 1582 simis
430 1543 532 1580 illius
563 1541 655 1579 libri
683 1543 984 1593 exemplaribus
1017 1542 1152 1580 titulos
1184 1543 1266 1581 sive
1293 1542 1473 1581 rubricas
1500 1541 1659 1594 absque

300 1622 574 1652 ‘numerorum
604 1610 871 1651 distinctione
900 1624 1135 1666 supremum
1166 1613 1345 1667 paginae
1370 1610 1566 1666 cujusque
1593 1612 1657 1652 lo-

304 1698 400 1724 cum
427 1682 666 1729 obtinuisse3
707 1698 811 1734 quae
837 1685 1003 1735 quidem
1042 1685 1237 1723 sententia
1269 1698 1351 1723 non
1380 1684 1521 1723 dubito
1562 1685 1660 1735 quin

304 1758 345 1792 et
374 1754 415 1790 in
442 1751 667 1804 permultos
702 1753 800 1790 alios
827 1753 1206 1791 Jureconsultorum
1230 1754 1511 1793 Romanorum
1534 1753 1659 1791 libros

300 1834 434 1877 aeque
456 1820 602 1860 valeat.

425 1892 570 1934 Tertia
597 1892 804 1946 quaestio,
838 1907 964 1946 quae,
1008 1900 1225 1947 antequam
1253 1895 1306 1935 de
1332 1895 1497 1949 singulis
1525 1894 1660 1950 Frag-

303 1970 534 2005 mentorum
564 1969 797 2002 nostrorum
831 1965 964 2003 verbis
993 1965 1246 2003 sententiisve
1278 1964 1527 2016 disputemus
1542 1995 1555 2016 ,
1609 1978 1659 2003 ex

303 2034 481 2073 instituto
497 2033 866 2071 nostrotractanda
885 2038 968 2084 est,
1001 2033 1055 2071 ad
1073 2046 1219 2072 novam
1240 2039 1398 2084 spectat
1414 2035 1658 2087 opinionem,

305 2104 358 2144 de
375 2102 632 2157 Fragmentis
650 2102 725 2142 illis
744 2116 878 2157 nuper
896 2117 921 2142 a
950 2103 986 2142 P
997 2116 1025 2142 u
1037 2102 1156 2142 chta
1186 2102 1227 2141 in
1245 2102 1538 2145 Institutionum
1555 2103 1659 2142 libro

307 2174 560 2228 (Lehrbuch
587 2174 653 2214 fiir
678 2175 986 2215 Institutionen—
1000 2174 1330 2229 Vorlesungen,)
1365 2181 1407 2216 et
1429 2174 1594 2228 quidem
1619 2173 1660 2213 in

307 2245 561 2299 praefatione
595 2258 638 2298 p.
667 2245 779 2286 XIX.
814 2252 857 2285 et
882 2247 975 2286 ΧΧ.
1010 2247 1273 2299 propositam.
1368 2247 1408 2286 Is
1440 2247 1547 2286 enim
1585 2258 1660 2284 ne-

306 2321 401 2371 gat,
431 2329 538 2370 pura
559 2321 601 2355 et
629 2317 803 2369 genuina
828 2317 1037 2358 forma'ad
1058 2332 1131 2357 nos
1167 2317 1384 2371 Ulpiani
1415 2318 1661 2371 Fragmenta

306 2388 560 2442 pervenisse,
593 2386 747 2441 quippe
772 2402 862 2429 cum
884 2390 1067 2430 librarius
1094 2390 1294 2444 quispiam
1322 2388 1375 2428 de
1399 2387 1592 2429 industria
1611 2400 1662 2427 ea

308 2458 630 2515 interpolaverit,
681 2460 748 2499 vel
776 2461 998 2503 omittendo
1034 2462 1098 2506 vel
1141 2462 1262 2503 etiam
1306 2459 1509 2502 addendo.
1592 2455 1661 2499 Ad

311 2546 435 2587 quam
453 2533 621 2589 quidem
642 2546 731 2574 rem
757 2536 1108 2591 comprobandam
1128 2535 1288 2577 duobus
1308 2534 1561 2591 potissimum
1580 2528 1660 2571 uti-

309 2611 377 2647 tur
405 2608 663 2662 argumentis.
736 2609 916 2650 Primum
946 2610 1053 2651 enim
1084 2609 1269 2650 consulto
1296 2594 1449 2650 factum
1480 2616 1570 2646 esse
1594 2601 1660 2652 ait,
