<?xml version="1.0" encoding="UTF-8"?>
<!DOCTYPE html PUBLIC "-//W3C//DTD XHTML 1.0 Transitional//EN"
    "http://www.w3.org/TR/xhtml1/DTD/xhtml1-transitional.dtd">
<html xmlns="http://www.w3.org/1999/xhtml" xml:lang="en" lang="en">
 <head>
  <title>
</title>
<meta http-equiv="Content-Type" content="text/html;charset=utf-8" />
  <meta name='ocr-system' content='tesseract 3.04.00' />
  <meta name='ocr-capabilities' content='ocr_page ocr_carea ocr_par ocr_line ocrx_word'/>
</head>
<body>
  <div class='ocr_page' id='page_1' title='image "4737353_0055.png"; bbox 0 0 1784 3123; ppageno 0'>
   <div class='ocr_carea' id='block_1_1' title="bbox 257 294 1677 585">
    <p class='ocr_par' dir='ltr' id='par_1_1' title="bbox 257 294 1677 585">
     <span class='ocr_line' id='line_1_1' title="bbox 260 294 1677 366; baseline 0.002 -13"><span class='ocrx_word' id='word_1_1' title='bbox 260 312 378 366; x_wconf 81' lang='lat' dir='ltr'><strong>ideo,</strong></span> <span class='ocrx_word' id='word_1_2' title='bbox 409 309 523 366; x_wconf 74' lang='lat' dir='ltr'><strong>qaod</strong></span> <span class='ocrx_word' id='word_1_3' title='bbox 541 308 770 364; x_wconf 70' lang='lat' dir='ltr'><strong>&#39;particulae</strong></span> <span class='ocrx_word' id='word_1_4' title='bbox 788 309 896 360; x_wconf 77' lang='lat' dir='ltr'><strong>„ve“</strong></span> <span class='ocrx_word' id='word_1_5' title='bbox 911 311 1056 353; x_wconf 78' lang='lat' dir='ltr'><strong>vitioso</strong></span> <span class='ocrx_word' id='word_1_6' title='bbox 1071 310 1136 352; x_wconf 80' lang='lat' dir='ltr'><strong>isti</strong></span> <span class='ocrx_word' id='word_1_7' title='bbox 1152 310 1281 353; x_wconf 78' lang='lat' dir='ltr'><strong>verbo</strong></span> <span class='ocrx_word' id='word_1_8' title='bbox 1299 310 1516 365; x_wconf 59' lang='lat' dir='ltr'><strong>adiunctae</strong></span> <span class='ocrx_word' id='word_1_9' title='bbox 1534 319 1622 360; x_wconf 74' lang='grc' dir='ltr'>ιιιι.</span> <span class='ocrx_word' id='word_1_10' title='bbox 1670 294 1677 302; x_wconf 27' lang='lat'>⁸</span> 
     </span>
     <span class='ocr_line' id='line_1_2' title="bbox 261 380 1622 439; baseline -0.001 -12"><span class='ocrx_word' id='word_1_11' title='bbox 261 385 303 426; x_wconf 90' lang='lat' dir='ltr'><strong>la</strong></span> <span class='ocrx_word' id='word_1_12' title='bbox 316 386 419 427; x_wconf 74' lang='lat' dir='ltr'><strong>ratio</strong></span> <span class='ocrx_word' id='word_1_13' title='bbox 433 382 578 425; x_wconf 82' lang='lat' dir='ltr'><strong>habita</strong></span> <span class='ocrx_word' id='word_1_14' title='bbox 595 386 676 435; x_wconf 84' lang='lat' dir='ltr'><strong>est,</strong></span> <span class='ocrx_word' id='word_1_15' title='bbox 707 380 850 437; x_wconf 77' lang='lat' dir='ltr'><strong>(hujus</strong></span> <span class='ocrx_word' id='word_1_16' title='bbox 873 383 984 424; x_wconf 85' lang='lat' dir='ltr'><strong>enim</strong></span> <span class='ocrx_word' id='word_1_17' title='bbox 1006 382 1484 439; x_wconf 73' lang='lat' dir='ltr'><strong>additamentioriginem</strong></span> <span class='ocrx_word' id='word_1_18' title='bbox 1494 387 1622 432; x_wconf 62' lang='lat' dir='ltr'><strong>facile</strong></span> 
     </span>
     <span class='ocr_line' id='line_1_3' title="bbox 259 453 1623 516; baseline 0 -18"><span class='ocrx_word' id='word_1_19' title='bbox 259 458 390 515; x_wconf 84' lang='lat' dir='ltr'><strong>possit</strong></span> <span class='ocrx_word' id='word_1_20' title='bbox 428 454 641 510; x_wconf 86' lang='lat' dir='ltr'><strong>quispiam</strong></span> <span class='ocrx_word' id='word_1_21' title='bbox 680 467 732 495; x_wconf 87' lang='lat' dir='ltr'><strong>ex</strong></span> <span class='ocrx_word' id='word_1_22' title='bbox 764 453 951 509; x_wconf 86' lang='lat' dir='ltr'><strong>proximo</strong></span> <span class='ocrx_word' id='word_1_23' title='bbox 969 484 970 487; x_wconf 20' lang='grc' dir='ltr'>η</span> <span class='ocrx_word' id='word_1_24' title='bbox 986 457 1115 498; x_wconf 83' lang='lat' dir='ltr'><strong>verbo</strong></span> <span class='ocrx_word' id='word_1_25' title='bbox 1147 453 1331 509; x_wconf 56' lang='lat' dir='ltr'><strong>⁴„velut“</strong></span> <span class='ocrx_word' id='word_1_26' title='bbox 1363 457 1623 516; x_wconf 51' lang='lat' dir='ltr'><strong>explicam)</strong></span> 
     </span>
     <span class='ocr_line' id='line_1_4' title="bbox 257 527 1660 585; baseline 0.001 -15"><span class='ocrx_word' id='word_1_27' title='bbox 257 542 385 585; x_wconf 82' lang='lat' dir='ltr'><strong>quam</strong></span> <span class='ocrx_word' id='word_1_28' title='bbox 397 528 538 585; x_wconf 79' lang='lat' dir='ltr'><strong>potius</strong></span> <span class='ocrx_word' id='word_1_29' title='bbox 561 541 654 570; x_wconf 88' lang='lat' dir='ltr'><strong>eam</strong></span> <span class='ocrx_word' id='word_1_30' title='bbox 670 527 725 569; x_wconf 91' lang='lat' dir='ltr'><strong>ob</strong></span> <span class='ocrx_word' id='word_1_31' title='bbox 743 539 918 579; x_wconf 80' lang='lat' dir='ltr'><strong>causam,</strong></span> <span class='ocrx_word' id='word_1_32' title='bbox 940 529 1037 582; x_wconf 84' lang='lat' dir='ltr'><strong>quia</strong></span> <span class='ocrx_word' id='word_1_33' title='bbox 1056 529 1169 571; x_wconf 79' lang='lat' dir='ltr'><strong>haud</strong></span> <span class='ocrx_word' id='word_1_34' title='bbox 1184 534 1495 571; x_wconf 80' lang='lat' dir='ltr'><strong>consentaneum</strong></span> <span class='ocrx_word' id='word_1_35' title='bbox 1511 531 1622 573; x_wconf 78' lang='lat' dir='ltr'><strong>vide.-</strong></span> <span class='ocrx_word' id='word_1_36' title='bbox 1656 540 1660 546; x_wconf 66' lang='lat'>‘</span> 
     </span>
    </p>
   </div>
   <div class='ocr_carea' id='block_1_2' title="bbox 255 600 1715 658">
    <p class='ocr_par' dir='ltr' id='par_1_2' title="bbox 255 600 1715 658">
     <span class='ocr_line' id='line_1_5' title="bbox 255 600 1715 658; baseline 0 -15"><span class='ocrx_word' id='word_1_37' title='bbox 255 608 344 654; x_wconf 81' lang='lat' dir='ltr'><strong>tur,</strong></span> <span class='ocrx_word' id='word_1_38' title='bbox 373 607 612 658; x_wconf 76' lang='lat' dir='ltr'><strong>praetorem</strong></span> <span class='ocrx_word' id='word_1_39' title='bbox 632 600 938 640; x_wconf 88' lang='lat' dir='ltr'><strong>commemorari</strong></span> <span class='ocrx_word' id='word_1_40' title='bbox 971 606 1077 642; x_wconf 74' lang='lat' dir='ltr'><strong>ante</strong></span> <span class='ocrx_word' id='word_1_41' title='bbox 1106 601 1350 656; x_wconf 70' lang='lat' dir='ltr'><strong>conmdem,</strong></span> <span class='ocrx_word' id='word_1_42' title='bbox 1381 602 1494 656; x_wconf 85' lang='lat' dir='ltr'><strong>quod</strong></span> <span class='ocrx_word' id='word_1_43' title='bbox 1520 613 1623 644; x_wconf 74' lang='lat' dir='ltr'><strong>con·-</strong></span> <span class='ocrx_word' id='word_1_44' title='bbox 1709 640 1715 643; x_wconf 88' lang='grc'>.</span> 
     </span>
    </p>
   </div>
   <div class='ocr_carea' id='block_1_3' title="bbox 116 671 1622 2689">
    <p class='ocr_par' dir='ltr' id='par_1_3' title="bbox 255 671 1622 731">
     <span class='ocr_line' id='line_1_6' title="bbox 255 671 1622 731; baseline 0.001 -15"><span class='ocrx_word' id='word_1_45' title='bbox 255 679 320 715; x_wconf 88' lang='lat' dir='ltr'><strong>tra</strong></span> <span class='ocrx_word' id='word_1_46' title='bbox 338 674 434 716; x_wconf 83' lang='lat' dir='ltr'><strong>fleri</strong></span> <span class='ocrx_word' id='word_1_47' title='bbox 460 674 584 725; x_wconf 83' lang='lat' dir='ltr'><strong>solet,</strong></span> <span class='ocrx_word' id='word_1_48' title='bbox 616 672 690 727; x_wconf 82' lang='lat' dir='ltr'><strong>(cf.</strong></span> <span class='ocrx_word' id='word_1_49' title='bbox 712 671 877 727; x_wconf 78' lang='lat' dir='ltr'><strong>Fragm.</strong></span> <span class='ocrx_word' id='word_1_50' title='bbox 895 677 1018 713; x_wconf 86' lang='lat' dir='ltr'><strong>nostr.</strong></span> <span class='ocrx_word' id='word_1_51' title='bbox 1037 673 1096 715; x_wconf 85' lang='lat' dir='ltr'><strong>tit.</strong></span> <span class='ocrx_word' id='word_1_52' title='bbox 1118 673 1253 714; x_wconf 83' lang='lat' dir='ltr'><strong>XXV.</strong></span> <span class='ocrx_word' id='word_1_53' title='bbox 1271 671 1428 730; x_wconf 78' lang='lat'><strong>§.12.‚</strong></span> <span class='ocrx_word' id='word_1_54' title='bbox 1453 674 1622 731; x_wconf 80' lang='lat' dir='ltr'><strong>Gajus</strong></span> 
     </span>
    </p>

    <p class='ocr_par' dir='ltr' id='par_1_4' title="bbox 255 741 1621 876">
     <span class='ocr_line' id='line_1_7' title="bbox 255 741 1621 803; baseline 0.001 -17"><span class='ocrx_word' id='word_1_55' title='bbox 255 746 288 787; x_wconf 90' lang='grc' dir='ltr'><strong>Ι.</strong></span> <span class='ocrx_word' id='word_1_56' title='bbox 321 744 366 803; x_wconf 83' lang='lat'><strong>§.</strong></span> <span class='ocrx_word' id='word_1_57' title='bbox 399 746 505 788; x_wconf 79' lang='lat'><strong>20⁰.</strong></span> <span class='ocrx_word' id='word_1_58' title='bbox 531 750 574 785; x_wconf 90' lang='lat' dir='ltr'><strong>et</strong></span> <span class='ocrx_word' id='word_1_59' title='bbox 597 744 649 786; x_wconf 92' lang='lat'><strong>11.</strong></span> <span class='ocrx_word' id='word_1_60' title='bbox 672 741 716 801; x_wconf 62' lang='grc' dir='ltr'><strong>δ.</strong></span> <span class='ocrx_word' id='word_1_61' title='bbox 752 743 879 796; x_wconf 62' lang='grc'><strong>278,</strong></span> <span class='ocrx_word' id='word_1_62' title='bbox 918 744 969 787; x_wconf 92' lang='lat' dir='ltr'><strong>L.</strong></span> <span class='ocrx_word' id='word_1_63' title='bbox 1004 743 1045 787; x_wconf 77' lang='lat'><strong>2.</strong></span> <span class='ocrx_word' id='word_1_64' title='bbox 1071 744 1205 786; x_wconf 70' lang='lat' dir='ltr'><strong>ude</strong></span> <span class='ocrx_word' id='word_1_65' title='bbox 1240 746 1284 786; x_wconf 90' lang='lat' dir='ltr'><strong>in</strong></span> <span class='ocrx_word' id='word_1_66' title='bbox 1310 746 1382 801; x_wconf 82' lang='lat' dir='ltr'><strong>jus</strong></span> <span class='ocrx_word' id='word_1_67' title='bbox 1420 747 1621 800; x_wconf 81' lang='lat' dir='ltr'><strong>vocando,</strong></span> 
     </span>
     <span class='ocr_line' id='line_1_8' title="bbox 256 815 1618 876; baseline 0.001 -16"><span class='ocrx_word' id='word_1_68' title='bbox 256 818 307 860; x_wconf 89' lang='lat' dir='ltr'><strong>L.</strong></span> <span class='ocrx_word' id='word_1_69' title='bbox 336 817 412 862; x_wconf 79' lang='lat'><strong>26.</strong></span> <span class='ocrx_word' id='word_1_70' title='bbox 440 815 484 876; x_wconf 84' lang='lat'><strong>§.</strong></span> <span class='ocrx_word' id='word_1_71' title='bbox 511 815 552 856; x_wconf 83' lang='lat'><strong>2.</strong></span> <span class='ocrx_word' id='word_1_72' title='bbox 580 816 633 858; x_wconf 89' lang='grc' dir='ltr'><strong>Ι).</strong></span> <span class='ocrx_word' id='word_1_73' title='bbox 662 829 714 857; x_wconf 86' lang='lat' dir='ltr'><strong>ex</strong></span> <span class='ocrx_word' id='word_1_74' title='bbox 740 816 852 871; x_wconf 82' lang='lat' dir='ltr'>quib.</span> <span class='ocrx_word' id='word_1_75' title='bbox 880 831 987 858; x_wconf 89' lang='lat' dir='ltr'><strong>caus.</strong></span> <span class='ocrx_word' id='word_1_76' title='bbox 1014 816 1160 872; x_wconf 88' lang='lat' dir='ltr'><strong>major.</strong></span> <span class='ocrx_word' id='word_1_77' title='bbox 1187 816 1229 857; x_wconf 89' lang='lat' dir='ltr'><strong>in</strong></span> <span class='ocrx_word' id='word_1_78' title='bbox 1253 816 1325 858; x_wconf 80' lang='lat' dir='ltr'><strong>int.</strong></span> <span class='ocrx_word' id='word_1_79' title='bbox 1350 825 1469 871; x_wconf 63' lang='lat' dir='ltr'><strong>rest„</strong></span> <span class='ocrx_word' id='word_1_80' title='bbox 1500 820 1550 862; x_wconf 85' lang='lat' dir='ltr'><strong>L.</strong></span> <span class='ocrx_word' id='word_1_81' title='bbox 1576 819 1618 861; x_wconf 71' lang='grc'><strong>3.</strong></span> 
     </span>
    </p>

    <p class='ocr_par' dir='ltr' id='par_1_5' title="bbox 233 888 1622 1235">
     <span class='ocr_line' id='line_1_9' title="bbox 256 888 1622 946; baseline 0.001 -16"><span class='ocrx_word' id='word_1_82' title='bbox 256 888 302 946; x_wconf 82' lang='lat'><strong>§.</strong></span> <span class='ocrx_word' id='word_1_83' title='bbox 330 891 371 932; x_wconf 79' lang='lat'><strong>3.</strong></span> <span class='ocrx_word' id='word_1_84' title='bbox 399 890 453 933; x_wconf 81' lang='lat' dir='ltr'><strong>D.</strong></span> <span class='ocrx_word' id='word_1_85' title='bbox 479 889 535 930; x_wconf 91' lang='lat' dir='ltr'><strong>de</strong></span> <span class='ocrx_word' id='word_1_86' title='bbox 560 890 739 944; x_wconf 79' lang='lat' dir='ltr'><strong>receptis</strong></span> <span class='ocrx_word' id='word_1_87' title='bbox 767 895 808 930; x_wconf 92' lang='lat' dir='ltr'><strong>et</strong></span> <span class='ocrx_word' id='word_1_88' title='bbox 833 889 882 931; x_wconf 91' lang='lat' dir='ltr'><strong>L.</strong></span> <span class='ocrx_word' id='word_1_89' title='bbox 914 889 957 931; x_wconf 76' lang='lat'><strong>4.</strong></span> <span class='ocrx_word' id='word_1_90' title='bbox 986 889 1033 931; x_wconf 86' lang='lat' dir='ltr'><strong>C.</strong></span> <span class='ocrx_word' id='word_1_91' title='bbox 1061 890 1114 930; x_wconf 91' lang='lat' dir='ltr'><strong>de</strong></span> <span class='ocrx_word' id='word_1_92' title='bbox 1139 889 1249 930; x_wconf 83' lang='lat' dir='ltr'><strong>vind.</strong></span> <span class='ocrx_word' id='word_1_93' title='bbox 1277 889 1431 945; x_wconf 81' lang='lat' dir='ltr'><strong>libert.)</strong></span> <span class='ocrx_word' id='word_1_94' title='bbox 1470 892 1622 932; x_wconf 80' lang='lat' dir='ltr'><strong>scilicet</strong></span> 
     </span>
     <span class='ocr_line' id='line_1_10' title="bbox 254 960 1618 1016; baseline -0.001 -13"><span class='ocrx_word' id='word_1_95' title='bbox 254 961 437 1013; x_wconf 88' lang='lat' dir='ltr'><strong>idcirco,</strong></span> <span class='ocrx_word' id='word_1_96' title='bbox 481 961 603 1016; x_wconf 80' lang='lat' dir='ltr'><strong>quia,</strong></span> <span class='ocrx_word' id='word_1_97' title='bbox 648 966 696 1002; x_wconf 87' lang='lat' dir='ltr'><strong>ut</strong></span> <span class='ocrx_word' id='word_1_98' title='bbox 727 960 1003 1003; x_wconf 80' lang='lat' dir='ltr'><strong>Messalae</strong></span> <span class='ocrx_word' id='word_1_99' title='bbox 1041 962 1174 1004; x_wconf 82' lang='lat' dir='ltr'><strong>verbis</strong></span> <span class='ocrx_word' id='word_1_100' title='bbox 1200 967 1292 1002; x_wconf 90' lang='lat' dir='ltr'><strong>utar</strong></span> <span class='ocrx_word' id='word_1_101' title='bbox 1328 960 1442 1016; x_wconf 85' lang='lat' dir='ltr'><strong>apud</strong></span> <span class='ocrx_word' id='word_1_102' title='bbox 1487 962 1618 1003; x_wconf 56' lang='lat' dir='ltr'><strong>(iel,</strong></span> 
     </span>
     <span class='ocr_line' id='line_1_11' title="bbox 255 1030 1621 1090; baseline -0.001 -15"><span class='ocrx_word' id='word_1_103' title='bbox 255 1035 380 1075; x_wconf 89' lang='lat' dir='ltr'><strong>lium</strong></span> <span class='ocrx_word' id='word_1_104' title='bbox 406 1034 460 1075; x_wconf 89' lang='lat' dir='ltr'><strong>N.</strong></span> <span class='ocrx_word' id='word_1_105' title='bbox 491 1034 543 1075; x_wconf 88' lang='lat' dir='ltr'><strong>A.</strong></span> <span class='ocrx_word' id='word_1_106' title='bbox 569 1033 677 1075; x_wconf 77' lang='lat' dir='ltr'><strong>xm,</strong></span> <span class='ocrx_word' id='word_1_107' title='bbox 711 1030 784 1074; x_wconf 84' lang='lat'><strong>15.</strong></span> <span class='ocrx_word' id='word_1_108' title='bbox 815 1034 971 1086; x_wconf 86' lang='lat' dir='ltr'><strong>relatis,</strong></span> <span class='ocrx_word' id='word_1_109' title='bbox 1004 1034 1245 1090; x_wconf 84' lang='lat' dir='ltr'><strong>„imperium</strong></span> <span class='ocrx_word' id='word_1_110' title='bbox 1275 1034 1407 1075; x_wconf 82' lang='lat' dir='ltr'><strong>minus</strong></span> <span class='ocrx_word' id='word_1_111' title='bbox 1437 1040 1621 1089; x_wconf 87' lang='lat' dir='ltr'><strong>praetor,</strong></span> 
     </span>
     <span class='ocr_line' id='line_1_12' title="bbox 233 1104 1621 1163; baseline -0.001 -15"><span class='ocrx_word' id='word_1_112' title='bbox 233 1106 389 1163; x_wconf 21' lang='lat' dir='ltr'><strong>’majus</strong></span> <span class='ocrx_word' id='word_1_113' title='bbox 427 1105 556 1148; x_wconf 87' lang='lat' dir='ltr'><strong>habet</strong></span> <span class='ocrx_word' id='word_1_114' title='bbox 590 1104 742 1146; x_wconf 89' lang='lat' dir='ltr'><strong>consul.</strong></span> <span class='ocrx_word' id='word_1_115' title='bbox 753 1105 782 1130; x_wconf 78' lang='lat'><strong>‘⁶</strong></span> <span class='ocrx_word' id='word_1_116' title='bbox 852 1105 998 1161; x_wconf 89' lang='lat' dir='ltr'><strong>Itaque</strong></span> <span class='ocrx_word' id='word_1_117' title='bbox 1042 1120 1125 1148; x_wconf 90' lang='lat' dir='ltr'><strong>non</strong></span> <span class='ocrx_word' id='word_1_118' title='bbox 1159 1106 1302 1147; x_wconf 87' lang='lat' dir='ltr'><strong>dubito</strong></span> <span class='ocrx_word' id='word_1_119' title='bbox 1315 1135 1328 1158; x_wconf 90' lang='lat'><strong>‚</strong></span> <span class='ocrx_word' id='word_1_120' title='bbox 1379 1107 1490 1159; x_wconf 87' lang='lat' dir='ltr'><strong>quin·</strong></span> <span class='ocrx_word' id='word_1_121' title='bbox 1512 1105 1621 1147; x_wconf 86' lang='lat' dir='ltr'><strong>istud</strong></span> 
     </span>
     <span class='ocr_line' id='line_1_13' title="bbox 256 1178 1621 1235; baseline 0 -15"><span class='ocrx_word' id='word_1_122' title='bbox 256 1180 544 1235; x_wconf 78' lang='lat' dir='ltr'><strong>„pturimve“‚</strong></span> <span class='ocrx_word' id='word_1_123' title='bbox 569 1178 596 1221; x_wconf 88' lang='lat' dir='ltr'><strong>i.</strong></span> <span class='ocrx_word' id='word_1_124' title='bbox 624 1191 660 1219; x_wconf 89' lang='lat' dir='ltr'><strong>e.</strong></span> <span class='ocrx_word' id='word_1_125' title='bbox 677 1181 1017 1234; x_wconf 77' lang='lat' dir='ltr'><strong>praetoremve,</strong></span> <span class='ocrx_word' id='word_1_126' title='bbox 1061 1184 1288 1220; x_wconf 87' lang='lat' dir='ltr'><strong>ceterorum</strong></span> <span class='ocrx_word' id='word_1_127' title='bbox 1313 1179 1621 1235; x_wconf 78' lang='lat' dir='ltr'><strong>magistratuum</strong></span> 
     </span>
    </p>

    <p class='ocr_par' dir='ltr' id='par_1_6' title="bbox 116 1237 1620 1955">
     <span class='ocr_line' id='line_1_14' title="bbox 203 1237 1618 1307; baseline -0.001 -13"><span class='ocrx_word' id='word_1_128' title='bbox 203 1294 208 1299; x_wconf 77' lang='grc'><em>,</em></span> <span class='ocrx_word' id='word_1_129' title='bbox 235 1237 456 1295; x_wconf 36' lang='lat' dir='ltr'><strong>&#39;&#39;mentioni</strong></span> <span class='ocrx_word' id='word_1_130' title='bbox 479 1249 814 1307; x_wconf 87' lang='lat' dir='ltr'><strong>postponendum</strong></span> <span class='ocrx_word' id='word_1_131' title='bbox 840 1264 891 1291; x_wconf 86' lang='lat' dir='ltr'><strong>ac</strong></span> <span class='ocrx_word' id='word_1_132' title='bbox 918 1251 1094 1306; x_wconf 86' lang='lat' dir='ltr'><strong>proinde</strong></span> <span class='ocrx_word' id='word_1_133' title='bbox 1129 1250 1353 1305; x_wconf 84' lang='lat' dir='ltr'><strong>legendum</strong></span> <span class='ocrx_word' id='word_1_134' title='bbox 1387 1252 1460 1293; x_wconf 83' lang='lat' dir='ltr'><strong>sit:</strong></span> <span class='ocrx_word' id='word_1_135' title='bbox 1497 1250 1618 1294; x_wconf 84' lang='lat' dir='ltr'><strong>vind.</strong></span> 
     </span>
     <span class='ocr_line' id='line_1_15' title="bbox 129 1297 1620 1398; baseline -0.003 -32"><span class='ocrx_word' id='word_1_136' title='bbox 129 1297 242 1398; x_wconf 47' lang='lat' dir='ltr'><strong>ssi</strong></span> <span class='ocrx_word' id='word_1_137' title='bbox 255 1337 438 1366; x_wconf 87' lang='lat' dir='ltr'><strong>manum.</strong></span> <span class='ocrx_word' id='word_1_138' title='bbox 466 1322 579 1379; x_wconf 85' lang='lat' dir='ltr'><strong>apud</strong></span> <span class='ocrx_word' id='word_1_139' title='bbox 603 1321 908 1376; x_wconf 85' lang='lat' dir='ltr'><strong>magistratum,</strong></span> <span class='ocrx_word' id='word_1_140' title='bbox 943 1323 1055 1363; x_wconf 84' lang='lat' dir='ltr'><strong>velut</strong></span> <span class='ocrx_word' id='word_1_141' title='bbox 1077 1323 1306 1373; x_wconf 89' lang='lat' dir='ltr'><strong>consulem,</strong></span> <span class='ocrx_word' id='word_1_142' title='bbox 1332 1322 1620 1378; x_wconf 85' lang='lat' dir='ltr'><strong>proconsulem</strong></span> 
     </span>
     <span class='ocr_line' id='line_1_16' title="bbox 116 1378 1618 1454; baseline -0.001 -17"><span class='ocrx_word' id='word_1_143' title='bbox 116 1380 122 1385; x_wconf 41' lang='grc'>’</span> <span class='ocrx_word' id='word_1_144' title='bbox 232 1378 591 1454; x_wconf 50' lang='lat' dir='ltr'><strong>fpraetoremvae</strong></span> <span class='ocrx_word' id='word_1_145' title='bbox 640 1408 764 1448; x_wconf 87' lang='lat' dir='ltr'><strong>quam</strong></span> <span class='ocrx_word' id='word_1_146' title='bbox 801 1394 967 1447; x_wconf 91' lang='lat' dir='ltr'><strong>quidem</strong></span> <span class='ocrx_word' id='word_1_147' title='bbox 997 1396 1322 1436; x_wconf 83' lang='lat' dir='ltr'><strong>emendationem</strong></span> <span class='ocrx_word' id='word_1_148' title='bbox 1345 1396 1438 1451; x_wconf 89' lang='lat' dir='ltr'><strong>jam</strong></span> <span class='ocrx_word' id='word_1_149' title='bbox 1463 1395 1618 1450; x_wconf 81' lang='lat' dir='ltr'><strong>Hugo</strong></span> 
     </span>
     <span class='ocr_line' id='line_1_17' title="bbox 232 1458 1616 1523; baseline -0.001 -12"><span class='ocrx_word' id='word_1_150' title='bbox 232 1458 296 1518; x_wconf 75' lang='lat' dir='ltr'><strong>³‚in</strong></span> <span class='ocrx_word' id='word_1_151' title='bbox 312 1466 506 1511; x_wconf 69' lang='lat' dir='ltr'><strong>Addend.</strong></span> <span class='ocrx_word' id='word_1_152' title='bbox 524 1471 568 1508; x_wconf 73' lang='lat' dir='ltr'><strong>et</strong></span> <span class='ocrx_word' id='word_1_153' title='bbox 587 1465 750 1522; x_wconf 84' lang='lat' dir='ltr'><strong>Corrig.</strong></span> <span class='ocrx_word' id='word_1_154' title='bbox 770 1466 861 1508; x_wconf 82' lang='lat' dir='ltr'><strong>Jur.</strong></span> <span class='ocrx_word' id='word_1_155' title='bbox 892 1467 966 1508; x_wconf 73' lang='lat' dir='ltr'><strong>civ.</strong></span> <span class='ocrx_word' id='word_1_156' title='bbox 982 1466 1181 1523; x_wconf 72' lang='lat' dir='ltr'><strong>Antejust.</strong></span> <span class='ocrx_word' id='word_1_157' title='bbox 1203 1467 1326 1512; x_wconf 75' lang='lat' dir='ltr'><strong>rom.</strong></span> <span class='ocrx_word' id='word_1_158' title='bbox 1344 1467 1396 1510; x_wconf 90' lang='lat'><strong>11.</strong></span> <span class='ocrx_word' id='word_1_159' title='bbox 1414 1481 1459 1522; x_wconf 84' lang='lat' dir='ltr'><strong>p.</strong></span> <span class='ocrx_word' id='word_1_160' title='bbox 1482 1465 1616 1509; x_wconf 76' lang='lat'><strong>1603.</strong></span> 
     </span>
     <span class='ocr_line' id='line_1_18' title="bbox 232 1523 1616 1598; baseline -0.004 -15"><span class='ocrx_word' id='word_1_161' title='bbox 232 1523 491 1598; x_wconf 72' lang='lat' dir='ltr'><strong>⁸proposuit‚</strong></span> <span class='ocrx_word' id='word_1_162' title='bbox 544 1538 621 1581; x_wconf 87' lang='lat' dir='ltr'><strong>sed</strong></span> <span class='ocrx_word' id='word_1_163' title='bbox 646 1544 795 1593; x_wconf 85' lang='lat' dir='ltr'><strong>postea</strong></span> <span class='ocrx_word' id='word_1_164' title='bbox 821 1540 1058 1594; x_wconf 86' lang='lat' dir='ltr'><strong>dereliquit,</strong></span> <span class='ocrx_word' id='word_1_165' title='bbox 1104 1541 1318 1581; x_wconf 86' lang='lat' dir='ltr'><strong>novissima</strong></span> <span class='ocrx_word' id='word_1_166' title='bbox 1343 1541 1501 1594; x_wconf 84' lang='lat' dir='ltr'><strong>quippe</strong></span> <span class='ocrx_word' id='word_1_167' title='bbox 1526 1538 1616 1579; x_wconf 78' lang='lat' dir='ltr'><strong>Ul-</strong></span> 
     </span>
     <span class='ocr_line' id='line_1_19' title="bbox 251 1611 1616 1671; baseline -0.004 -16"><span class='ocrx_word' id='word_1_168' title='bbox 251 1615 403 1671; x_wconf 88' lang='lat' dir='ltr'><strong>piani</strong></span> <span class='ocrx_word' id='word_1_169' title='bbox 429 1612 606 1655; x_wconf 82' lang='lat' dir='ltr'><strong>editione</strong></span> <span class='ocrx_word' id='word_1_170' title='bbox 631 1611 772 1661; x_wconf 82' lang='lat' dir='ltr'><strong>istam,</strong></span> <span class='ocrx_word' id='word_1_171' title='bbox 809 1625 934 1665; x_wconf 88' lang='lat' dir='ltr'><strong>quam</strong></span> <span class='ocrx_word' id='word_1_172' title='bbox 956 1613 1084 1666; x_wconf 88' lang='lat' dir='ltr'><strong>paulo</strong></span> <span class='ocrx_word' id='word_1_173' title='bbox 1110 1618 1205 1653; x_wconf 87' lang='lat' dir='ltr'><strong>ante</strong></span> <span class='ocrx_word' id='word_1_174' title='bbox 1229 1611 1490 1668; x_wconf 77' lang='lat' dir='ltr'><strong>impugnavi,</strong></span> <span class='ocrx_word' id='word_1_175' title='bbox 1522 1623 1616 1651; x_wconf 87' lang='lat' dir='ltr'><strong>mu-</strong></span> 
     </span>
     <span class='ocr_line' id='line_1_20' title="bbox 252 1683 1617 1740; baseline -0.004 -12"><span class='ocrx_word' id='word_1_176' title='bbox 252 1688 451 1728; x_wconf 82' lang='lat' dir='ltr'><strong>tationem</strong></span> <span class='ocrx_word' id='word_1_177' title='bbox 484 1684 864 1740; x_wconf 75' lang='lat' dir='ltr'><strong>„praesz‘demve“</strong></span> <span class='ocrx_word' id='word_1_178' title='bbox 896 1684 1149 1739; x_wconf 85' lang='lat' dir='ltr'><strong>recipiendo.</strong></span> <span class='ocrx_word' id='word_1_179' title='bbox 1183 1708 1250 1717; x_wconf 92' lang='lat'><strong>—</strong></span> <span class='ocrx_word' id='word_1_180' title='bbox 1312 1683 1491 1726; x_wconf 84' lang='lat' dir='ltr'><strong>Omnino</strong></span> <span class='ocrx_word' id='word_1_181' title='bbox 1517 1695 1617 1723; x_wconf 80' lang='lat' dir='ltr'><strong>vero</strong></span> 
     </span>
     <span class='ocr_line' id='line_1_21' title="bbox 251 1755 1617 1813; baseline -0.004 -14"><span class='ocrx_word' id='word_1_182' title='bbox 251 1758 355 1799; x_wconf 84' lang='lat' dir='ltr'><strong>illud</strong></span> <span class='ocrx_word' id='word_1_183' title='bbox 391 1756 623 1798; x_wconf 89' lang='lat' dir='ltr'><strong>remedium</strong></span> <span class='ocrx_word' id='word_1_184' title='bbox 649 1755 850 1806; x_wconf 87' lang='lat' dir='ltr'><strong>criticum,</strong></span> <span class='ocrx_word' id='word_1_185' title='bbox 900 1755 1014 1807; x_wconf 89' lang='lat' dir='ltr'><strong>quod</strong></span> <span class='ocrx_word' id='word_1_186' title='bbox 1044 1756 1087 1797; x_wconf 89' lang='lat' dir='ltr'><strong>in</strong></span> <span class='ocrx_word' id='word_1_187' title='bbox 1118 1757 1358 1813; x_wconf 86' lang='lat' dir='ltr'><strong>trajectione</strong></span> <span class='ocrx_word' id='word_1_188' title='bbox 1395 1755 1617 1796; x_wconf 84' lang='lat' dir='ltr'><strong>verborum</strong></span> 
     </span>
     <span class='ocr_line' id='line_1_22' title="bbox 254 1826 1616 1887; baseline -0.002 -16"><span class='ocrx_word' id='word_1_189' title='bbox 254 1830 457 1883; x_wconf 88' lang='lat' dir='ltr'><strong>cernitur,</strong></span> <span class='ocrx_word' id='word_1_190' title='bbox 494 1827 623 1869; x_wconf 91' lang='lat' dir='ltr'><strong>modo</strong></span> <span class='ocrx_word' id='word_1_191' title='bbox 649 1841 701 1868; x_wconf 85' lang='lat' dir='ltr'><strong>ne</strong></span> <span class='ocrx_word' id='word_1_192' title='bbox 723 1832 879 1867; x_wconf 87' lang='lat' dir='ltr'><strong>temere</strong></span> <span class='ocrx_word' id='word_1_193' title='bbox 905 1826 1168 1887; x_wconf 82' lang='lat' dir='ltr'><strong>adhibeatur,</strong></span> <span class='ocrx_word' id='word_1_194' title='bbox 1206 1828 1433 1871; x_wconf 87' lang='lat' dir='ltr'><strong>admodum</strong></span> <span class='ocrx_word' id='word_1_195' title='bbox 1457 1827 1616 1882; x_wconf 89' lang='lat' dir='ltr'><strong>proba-</strong></span> 
     </span>
     <span class='ocr_line' id='line_1_23' title="bbox 251 1899 1615 1955; baseline -0.002 -12"><span class='ocrx_word' id='word_1_196' title='bbox 251 1903 337 1944; x_wconf 88' lang='lat' dir='ltr'><strong>bile</strong></span> <span class='ocrx_word' id='word_1_197' title='bbox 361 1901 466 1942; x_wconf 88' lang='lat' dir='ltr'><strong>mihi</strong></span> <span class='ocrx_word' id='word_1_198' title='bbox 490 1901 653 1942; x_wconf 79' lang='lat' dir='ltr'><strong>videtur</strong></span> <span class='ocrx_word' id='word_1_199' title='bbox 681 1909 729 1940; x_wconf 82' lang='lat' dir='ltr'><strong>ac</strong></span> <span class='ocrx_word' id='word_1_200' title='bbox 754 1901 1123 1955; x_wconf 84' lang='lat' dir='ltr'><strong>pernecessarium,</strong></span> <span class='ocrx_word' id='word_1_201' title='bbox 1168 1916 1262 1943; x_wconf 91' lang='lat' dir='ltr'><strong>cum</strong></span> <span class='ocrx_word' id='word_1_202' title='bbox 1291 1901 1489 1943; x_wconf 81' lang='lat' dir='ltr'><strong>sexcentis</strong></span> <span class='ocrx_word' id='word_1_203' title='bbox 1514 1899 1615 1940; x_wconf 85' lang='lat' dir='ltr'><strong>l‘ocis</strong></span> 
     </span>
    </p>

    <p class='ocr_par' dir='ltr' id='par_1_7' title="bbox 250 1964 1614 2102">
     <span class='ocr_line' id='line_1_24' title="bbox 251 1964 1614 2027; baseline -0.002 -11"><span class='ocrx_word' id='word_1_204' title='bbox 251 1976 295 2016; x_wconf 90' lang='lat' dir='ltr'><strong>in</strong></span> <span class='ocrx_word' id='word_1_205' title='bbox 321 1964 594 2015; x_wconf 81' lang='lat' dir='ltr'><strong>collocatione</strong></span> <span class='ocrx_word' id='word_1_206' title='bbox 616 1973 836 2014; x_wconf 78' lang='lat' dir='ltr'><strong>verborum</strong></span> <span class='ocrx_word' id='word_1_207' title='bbox 862 1985 1058 2027; x_wconf 88' lang='lat' dir='ltr'><strong>peccasse</strong></span> <span class='ocrx_word' id='word_1_208' title='bbox 1083 1974 1267 2015; x_wconf 84' lang='lat' dir='ltr'><strong>librarios</strong></span> <span class='ocrx_word' id='word_1_209' title='bbox 1292 1972 1614 2014; x_wconf 81' lang='lat' dir='ltr'><strong>animadvertere</strong></span> 
     </span>
     <span class='ocr_line' id='line_1_25' title="bbox 250 2044 1612 2102; baseline -0.003 -14"><span class='ocrx_word' id='word_1_210' title='bbox 250 2048 397 2097; x_wconf 83' lang='lat' dir='ltr'><strong>liceat3</strong></span> <span class='ocrx_word' id='word_1_211' title='bbox 456 2046 502 2087; x_wconf 89' lang='lat' dir='ltr'><strong>id</strong></span> <span class='ocrx_word' id='word_1_212' title='bbox 528 2047 642 2101; x_wconf 90' lang='lat' dir='ltr'><strong>quod</strong></span> <span class='ocrx_word' id='word_1_213' title='bbox 674 2059 725 2087; x_wconf 92' lang='lat' dir='ltr'><strong>eo</strong></span> <span class='ocrx_word' id='word_1_214' title='bbox 752 2045 907 2086; x_wconf 84' lang='lat' dir='ltr'><strong>facilius</strong></span> <span class='ocrx_word' id='word_1_215' title='bbox 932 2046 1120 2087; x_wconf 88' lang='lat' dir='ltr'><strong>accidere</strong></span> <span class='ocrx_word' id='word_1_216' title='bbox 1144 2052 1330 2102; x_wconf 87' lang='lat' dir='ltr'><strong>poterat,</strong></span> <span class='ocrx_word' id='word_1_217' title='bbox 1383 2047 1416 2087; x_wconf 91' lang='lat' dir='ltr'><strong>si</strong></span> <span class='ocrx_word' id='word_1_218' title='bbox 1441 2047 1548 2088; x_wconf 83' lang='lat' dir='ltr'><strong>forte</strong></span> <span class='ocrx_word' id='word_1_219' title='bbox 1571 2044 1612 2085; x_wconf 92' lang='lat' dir='ltr'><strong>in</strong></span> 
     </span>
    </p>

    <p class='ocr_par' dir='ltr' id='par_1_8' title="bbox 167 2117 1612 2689">
     <span class='ocr_line' id='line_1_26' title="bbox 167 2117 1611 2174; baseline -0.002 -14"><span class='ocrx_word' id='word_1_220' title='bbox 167 2120 168 2123; x_wconf 72' lang='grc'>’</span> <span class='ocrx_word' id='word_1_221' title='bbox 249 2120 476 2174; x_wconf 86' lang='lat' dir='ltr'><strong>antiquiore</strong></span> <span class='ocrx_word' id='word_1_222' title='bbox 513 2119 658 2160; x_wconf 90' lang='lat' dir='ltr'><strong>codice</strong></span> <span class='ocrx_word' id='word_1_223' title='bbox 693 2118 866 2160; x_wconf 81' lang='lat' dir='ltr'><strong>verbum</strong></span> <span class='ocrx_word' id='word_1_224' title='bbox 900 2118 1096 2173; x_wconf 86' lang='lat' dir='ltr'><strong>aliquod,</strong></span> <span class='ocrx_word' id='word_1_225' title='bbox 1138 2119 1181 2160; x_wconf 89' lang='lat' dir='ltr'><strong>in</strong></span> <span class='ocrx_word' id='word_1_226' title='bbox 1208 2122 1396 2161; x_wconf 81' lang='lat' dir='ltr'><strong>contextu</strong></span> <span class='ocrx_word' id='word_1_227' title='bbox 1421 2117 1611 2161; x_wconf 87' lang='lat' dir='ltr'><strong>orationis</strong></span> 
     </span>
     <span class='ocr_line' id='line_1_27' title="bbox 248 2191 1612 2248; baseline -0.002 -15"><span class='ocrx_word' id='word_1_228' title='bbox 248 2192 531 2246; x_wconf 87' lang='lat' dir='ltr'><strong>imprudenter</strong></span> <span class='ocrx_word' id='word_1_229' title='bbox 555 2192 908 2247; x_wconf 86' lang='lat' dir='ltr'><strong>praetermissum,</strong></span> <span class='ocrx_word' id='word_1_230' title='bbox 944 2191 1117 2247; x_wconf 81' lang='lat' dir='ltr'><strong>margini</strong></span> <span class='ocrx_word' id='word_1_231' title='bbox 1140 2192 1392 2248; x_wconf 77' lang='lat' dir='ltr'><strong>adscriptum</strong></span> <span class='ocrx_word' id='word_1_232' title='bbox 1417 2196 1535 2244; x_wconf 78' lang='lat' dir='ltr'><strong>esset,</strong></span> <span class='ocrx_word' id='word_1_233' title='bbox 1561 2203 1612 2230; x_wconf 88' lang='lat' dir='ltr'><strong>ac</strong></span> 
     </span>
     <span class='ocr_line' id='line_1_28' title="bbox 246 2262 1611 2320; baseline 0 -16"><span class='ocrx_word' id='word_1_234' title='bbox 246 2264 451 2320; x_wconf 90' lang='lat' dir='ltr'><strong>posterior</strong></span> <span class='ocrx_word' id='word_1_235' title='bbox 483 2265 669 2306; x_wconf 86' lang='lat' dir='ltr'><strong>librarius</strong></span> <span class='ocrx_word' id='word_1_236' title='bbox 704 2266 746 2307; x_wconf 91' lang='lat' dir='ltr'><strong>in</strong></span> <span class='ocrx_word' id='word_1_237' title='bbox 779 2264 1104 2307; x_wconf 87' lang='lat' dir='ltr'><strong>transscribendo</strong></span> <span class='ocrx_word' id='word_1_238' title='bbox 1130 2279 1181 2306; x_wconf 92' lang='lat' dir='ltr'><strong>eo</strong></span> <span class='ocrx_word' id='word_1_239' title='bbox 1207 2265 1373 2320; x_wconf 86' lang='lat' dir='ltr'><strong>codice,</strong></span> <span class='ocrx_word' id='word_1_240' title='bbox 1406 2277 1530 2318; x_wconf 85' lang='lat' dir='ltr'><strong>quem</strong></span> <span class='ocrx_word' id='word_1_241' title='bbox 1554 2262 1611 2304; x_wconf 88' lang='lat' dir='ltr'><strong>illi</strong></span> 
     </span>
     <span class='ocr_line' id='line_1_29' title="bbox 247 2336 1611 2395; baseline 0 -17"><span class='ocrx_word' id='word_1_242' title='bbox 247 2338 378 2379; x_wconf 83' lang='lat' dir='ltr'><strong>verbo</strong></span> <span class='ocrx_word' id='word_1_243' title='bbox 415 2336 559 2379; x_wconf 83' lang='lat' dir='ltr'><strong>locum</strong></span> <span class='ocrx_word' id='word_1_244' title='bbox 589 2338 711 2379; x_wconf 88' lang='lat' dir='ltr'><strong>tribui</strong></span> <span class='ocrx_word' id='word_1_245' title='bbox 739 2343 974 2395; x_wconf 88' lang='lat' dir='ltr'><strong>oporteret,</strong></span> <span class='ocrx_word' id='word_1_246' title='bbox 1026 2338 1233 2395; x_wconf 82' lang='lat' dir='ltr'><strong>ignoraret</strong></span> <span class='ocrx_word' id='word_1_247' title='bbox 1266 2353 1345 2380; x_wconf 91' lang='lat' dir='ltr'><strong>nec</strong></span> <span class='ocrx_word' id='word_1_248' title='bbox 1378 2337 1611 2394; x_wconf 85' lang='lat' dir='ltr'><strong>conjectura</strong></span> 
     </span>
     <span class='ocr_line' id='line_1_30' title="bbox 247 2410 1609 2465; baseline 0.001 -16"><span class='ocrx_word' id='word_1_249' title='bbox 247 2414 547 2463; x_wconf 86' lang='lat' dir='ltr'><strong>assequeretur.</strong></span> <span class='ocrx_word' id='word_1_250' title='bbox 574 2433 640 2441; x_wconf 95' lang='lat'>—</span> <span class='ocrx_word' id='word_1_251' title='bbox 699 2411 763 2452; x_wconf 85' lang='lat' dir='ltr'><strong>Ac</strong></span> <span class='ocrx_word' id='word_1_252' title='bbox 787 2412 914 2452; x_wconf 86' lang='lat' dir='ltr'><strong>simile</strong></span> <span class='ocrx_word' id='word_1_253' title='bbox 940 2418 1118 2452; x_wconf 82' lang='lat' dir='ltr'><strong>erratum</strong></span> <span class='ocrx_word' id='word_1_254' title='bbox 1141 2411 1196 2451; x_wconf 90' lang='lat' dir='ltr'><strong>ad</strong></span> <span class='ocrx_word' id='word_1_255' title='bbox 1217 2410 1415 2465; x_wconf 86' lang='lat' dir='ltr'><strong>praetoris</strong></span> <span class='ocrx_word' id='word_1_256' title='bbox 1440 2411 1609 2451; x_wconf 87' lang='lat' dir='ltr'><strong>mentio-</strong></span> 
     </span>
     <span class='ocr_line' id='line_1_31' title="bbox 245 2481 1609 2539; baseline -0.001 -18"><span class='ocrx_word' id='word_1_257' title='bbox 245 2494 340 2521; x_wconf 90' lang='lat' dir='ltr'><strong>nem</strong></span> <span class='ocrx_word' id='word_1_258' title='bbox 365 2487 558 2537; x_wconf 84' lang='lat' dir='ltr'><strong>spectans</strong></span> <span class='ocrx_word' id='word_1_259' title='bbox 585 2483 898 2539; x_wconf 87' lang='lat' dir='ltr'><strong>deprehendere</strong></span> <span class='ocrx_word' id='word_1_260' title='bbox 925 2484 1024 2526; x_wconf 90' lang='lat' dir='ltr'><strong>mihi</strong></span> <span class='ocrx_word' id='word_1_261' title='bbox 1050 2483 1194 2525; x_wconf 84' lang='lat' dir='ltr'><strong>videor</strong></span> <span class='ocrx_word' id='word_1_262' title='bbox 1219 2484 1260 2524; x_wconf 90' lang='lat' dir='ltr'><strong>in</strong></span> <span class='ocrx_word' id='word_1_263' title='bbox 1285 2483 1364 2523; x_wconf 83' lang='lat' dir='ltr'><strong>alio</strong></span> <span class='ocrx_word' id='word_1_264' title='bbox 1396 2481 1609 2539; x_wconf 88' lang='lat' dir='ltr'><strong>Ulpiani</strong></span> 
     </span>
     <span class='ocr_line' id='line_1_32' title="bbox 244 2552 1608 2615; baseline -0.001 -20"><span class='ocrx_word' id='word_1_265' title='bbox 244 2552 501 2609; x_wconf 82' lang='lat' dir='ltr'><strong>fragmento,</strong></span> <span class='ocrx_word' id='word_1_266' title='bbox 537 2557 654 2610; x_wconf 92' lang='lat' dir='ltr'><strong>qnod</strong></span> <span class='ocrx_word' id='word_1_267' title='bbox 680 2557 775 2612; x_wconf 87' lang='lat' dir='ltr'><strong>lege</strong></span> <span class='ocrx_word' id='word_1_268' title='bbox 801 2556 873 2597; x_wconf 78' lang='lat'><strong>13.</strong></span> <span class='ocrx_word' id='word_1_269' title='bbox 899 2554 943 2615; x_wconf 83' lang='lat'><strong>§.</strong></span> <span class='ocrx_word' id='word_1_270' title='bbox 972 2557 1014 2598; x_wconf 91' lang='lat' dir='ltr'><strong>l.</strong></span> <span class='ocrx_word' id='word_1_271' title='bbox 1042 2556 1095 2597; x_wconf 88' lang='lat' dir='ltr'><strong>D.</strong></span> <span class='ocrx_word' id='word_1_272' title='bbox 1123 2555 1177 2596; x_wconf 92' lang='lat' dir='ltr'><strong>de</strong></span> <span class='ocrx_word' id='word_1_273' title='bbox 1194 2555 1399 2611; x_wconf 83' lang='lat' dir='ltr'><strong>jurisdict.</strong></span> <span class='ocrx_word' id='word_1_274' title='bbox 1427 2554 1608 2596; x_wconf 81' lang='lat' dir='ltr'><strong>contine-</strong></span> 
     </span>
     <span class='ocr_line' id='line_1_33' title="bbox 244 2622 1607 2689; baseline -0.001 -23"><span class='ocrx_word' id='word_1_275' title='bbox 244 2630 323 2668; x_wconf 82' lang='lat' dir='ltr'><strong>tur.</strong></span> <span class='ocrx_word' id='word_1_276' title='bbox 385 2626 448 2667; x_wconf 88' lang='lat' dir='ltr'><strong>lbi</strong></span> <span class='ocrx_word' id='word_1_277' title='bbox 473 2629 586 2672; x_wconf 85' lang='lat' dir='ltr'><strong>enim</strong></span> <span class='ocrx_word' id='word_1_278' title='bbox 611 2630 738 2686; x_wconf 82' lang='lat' dir='ltr'><strong>vulgo</strong></span> <span class='ocrx_word' id='word_1_279' title='bbox 765 2629 821 2670; x_wconf 84' lang='lat' dir='ltr'><strong>ita</strong></span> <span class='ocrx_word' id='word_1_280' title='bbox 846 2631 1013 2689; x_wconf 84' lang='lat' dir='ltr'><strong>legitur:</strong></span> <span class='ocrx_word' id='word_1_281' title='bbox 1049 2627 1354 2686; x_wconf 74' lang='lat' dir='ltr'><strong>„Magistratus</strong></span> <span class='ocrx_word' id='word_1_282' title='bbox 1380 2632 1516 2669; x_wconf 88' lang='lat' dir='ltr'><strong>autem</strong></span> <span class='ocrx_word' id='word_1_283' title='bbox 1540 2622 1607 2665; x_wconf 83' lang='lat' dir='ltr'><strong>vel</strong></span> 
     </span>
    </p>
   </div>
  </div>
 </body>
</html>
