1784 3123
1493 227 1524 269 3

166 326 251 379 bus>
270 326 380 370 libris
408 327 681 385 Regularum*
702 325 922 383 Ulpiani
954 331 1115 385 septem
1137 326 1248 369 libris
1276 331 1520 384 composita-

168 414 258 449 rum
278 402 321 443 in
339 401 559 450 Pandectis·
584 400 884 444 «Iustiniani
913 407 1146 457 supersunt,
1177 415 1313 458 pauca
1340 402 1411 443 illa
1431 404 1523 457 qui-

169 473 287 528 clem,
326 475 401 516 sed
431 479 567 514 tamen
592 473 676 526 rei,
715 473 769 515 de
800 487 879 528 qua
892 474 1066 530 agitur,
1105 474 1345 530 probandae
1362 474 1522 522 idonea.

167 547 329 602 Nempe
355 559 407 587 ex
434 545 585 602 quinto
607 541 744 602 operis
772 548 881 589 istius
902 548 1019 589 libro*
1037 554 1273 590 conservata
1291 549 1408 589 nobis
1431 555 1524 590 sunt

164 617 292 659 haec:
331 618 383 658 L.
407 615 480 656 14.
509 617 561 658 Ι).
584 617 637 659 de
671 619 837 674 impens.
864 620 906 660 in
936 633 1002 661 res
1026 619 1109 661 dot.
1128 620 1223 659 fact.
1243 624 1285 658 et
1302 619 1353 662 L.
1375 619 1448 661 24.
1469 621 1522 661 D.

164 689 220 730 de
258 691 337 731 act.
383 702 462 730 rer.
511 696 649 743 amot.‚
698 705 722 732 e
750 697 874 734 sexto
887 707 902 733 ε
951 678 1013 735 Ἰὼ
1050 692 1093 736 2.
1130 692 1183 734 1).
1225 690 1279 731 de
1322 691 1438 733 liber.
1480 697 1522 734 et

164 765 340 815 postam.
356 759 406 803 L.
425 758 498 802 25.
517 768 557 803 et
574 763 622 805 L.
646 763 718 806 50.
738 765 790 807 D.
810 765 863 806 de
882 765 1025 809 heroa
1048 766 1169 805 instit.
1195 751 1318 816 atque
1338 762 1388 804 L.
1408 762 1451 804 4.
1468 764 1519 805 n.

163 830 273 873 unde
295 834 468 889 cognati,
492 849 542 876 ex
562 837 744 892 septimo
761 837 958 893 denique:
989 838 1039 880 L.
1059 836 1134 878 43.
1154 837 1207 879 D.
1225 835 1279 876 de
1295 835 1519 877 usufructu.

79 933 82 935 -
162 897 317 946 Omnes
339 906 460 962 igitur
485 908 564 949 hae
586 910 779 963 reliquiae
806 923 888 951 non
905 910 977 951 nisi
1002 908 1147 964 adjus
1165 908 1397 964 privatum
1420 922 1521 965 per-

110 1010 118 1016 .
162 977 305 1030 tinent,
336 993 414 1020 nec
444 981 571 1023 ullum
598 988 771 1039 apparet
789 982 1000 1034 indicium,
1033 994 1115 1035 quo
1144 982 1266 1030 etiam
1289 980 1355 1036 jus
1378 981 1519 1037 publi-

160 1062 254 1091 cum
278 1050 324 1090 iis
343 1045 453 1092 libris
476 1054 721 1109 explicatum
745 1069 832 1095 esse
851 1059 1054 1109 arguatur.
1090 1076 1143 1086 —-
1208 1053 1388 1106 Reliqua
1404 1064 1517 1103 vero,

159 1135 265 1174 quae
278 1123 532 1165 coniecturae
547 1126 609 1166 isti
622 1126 675 1167 de
693 1127 805 1168 fonte
812 1126 1152 1183 Fragmentorum
1161 1130 1390 1169 nostrorum
1406 1126 1448 1167 iu
1464 1125 1518 1165 li-

158 1193 240 1234 bris
260 1199 418 1249 septem
433 1196 686 1252 Regularum
713 1197 929 1253 Ulpiani
958 1196 1193 1252 quaerendo
1214 1197 1415 1250 opposui,
1447 1210 1516 1236 ar-

157 1272 351 1320 gumenta
370 1281 462 1308 cum
487 1269 641 1324 Hugo
665 1271 706 1310 in
723 1284 912 1322 censura,
944 1282 1069 1323 quam
1095 1267 1198 1318 dixi,
1229 1266 1344 1308 haud
1365 1268 1517 1323 attige-

157 1338 230 1390 rit,
263 1353 345 1380 non
361 1353 463 1395 opus
482 1346 543 1382 est
561 1341 642 1382 hoc
662 1343 757 1384 loco
776 1347 978 1398 repetere.
1021 1339 1133 1390 Quid
1146 1339 1167 1379 ?
1199 1338 1313 1392 quod
1335 1339 1422 1394 ipse
1448 1338 1517 1379 hic

156 1412 218 1452 vir
240 1412 491 1455 doctissimus
502 1414 593 1471 jam
610 1415 770 1458 videtur
789 1414 1047 1471 conjecturae
1069 1412 1125 1453 illi
1154 1411 1367 1460 diffidere3
1397 1425 1516 1451 nam-

156 1498 237 1538 que
260 1485 301 1526 in
331 1474 546 1526 norissima
564 1487 767 1529 Historiae
781 1487 865 1544 jur.
885 1488 1009 1529 Rom.
1031 1485 1205 1525 editione
1225 1497 1308 1523 uon
1337 1483 1511 1537 amplius

156 1570 247 1597 eam
265 1557 414 1598 diserte
434 1565 735 1601 commemorat.
807 1560 863 1602 At
895 1559 994 1600 illud
1022 1558 1248 1598 etiamnunc
1276 1568 1319 1610 p.
1339 1553 1446 1596 818.
1472 1560 1514 1597 et

155 1627 260 1670 819.
304 1630 535 1682 addubitat,
567 1645 664 1672 num
696 1632 799 1673 libro
833 1629 1059 1685 singulari
1086 1628 1337 1682 Fragmenta
1373 1633 1512 1668 nostra

154 1702 453 1760 comprehensa
483 1704 653 1754 fuerint,
692 1708 777 1742 tum
805 1701 918 1754 quod
946 1701 1029 1741 hoc
1058 1699 1276 1754 Ulpiani
1307 1700 1512 1754 volumen,

153 1774 389 1815 lacunarum
415 1787 578 1826 quoque
608 1774 761 1814 ratione
789 1773 950 1825 habita,
992 1772 1163 1815 modum
1187 1771 1280 1812 libri
1300 1772 1512 1827 singularis

152 1844 351 1887 excedere
380 1845 586 1899 videatur,
624 1851 711 1886 tum
734 1845 847 1899 quod
869 1858 920 1889 ex
947 1846 1185 1900 perturbata
1215 1843 1445 1887 conditione
1470 1850 1513 1885 et

151 1917 249 1960 initii
270 1922 311 1957 et
326 1918 414 1957 finis
434 1917 606 1959 duarum
621 1919 805 1972 priorum
824 1919 1020 1973 partium,
1051 1922 1173 1970 atque
1190 1930 1241 1957 ex
1258 1914 1425 1958 defectu
1443 1922 1511 1958 to·

152 1990 228 2030 tius
249 1990 392 2030 tertiae
419 1990 544 2045 partis
573 1991 656 2031 eius
681 1991 924 2044 systematis,
961 1989 1082 2043 „quod
1113 1990 1166 2029 ab
1190 1989 1507 2032 Institutiouibus

152 2075 300 2103 nomen
315 2063 435 2104 traxit
446 2093 458 2114 ,
491 2063 685 2118 suspicari
704 2064 842 2114 liceat,
871 2062 1059 2116 pluribus
1074 2061 1172 2102 olim
1191 2062 1300 2102 libris
1313 2062 1510 2114 (quorum

76 2150 86 2158 ’
151 2139 287 2177 tamen
305 2149 518 2175 numerum
535 2150 617 2176 uon
635 2135 825 2190 definit‚)
855 2134 929 2174 has
950 2133 1163 2188 Ulpiani
1189 2133 1376 2186 reliquias
1405 2147 1507 2174 con-

151 2208 304 2254 stitisse.
375 2207 440 2249 De
469 2209 607 2263 priore
632 2213 767 2250 autem
781 2211 1029 2263 argumento
1058 2205 1157 2260 quid
1189 2205 1380 2259 seutiam,
1417 2206 1509 2263 J‘am

150 2280 192 2321 in
212 2281 490 2322 dissertatione
517 2281 654 2321 critica
678 2295 722 2338 p.
751 2280 839 2321 1⁰1
858 2302 910 2312 —
924 2278 1029 2320 104.
1061 2279 1257 2334 exposui,
1288 2294 1338 2320 ac
1361 2282 1508 2336 profe-

126 2358 240 2409 ¹cto,
268 2354 425 2396 etiamsi
440 2354 531 2411 plus
547 2384 559 2405 ,
591 2368 716 2407 quam
744 2353 922 2404 tertiam,
964 2352 1136 2394 fortasse
1161 2351 1267 2393 adeo
1297 2353 1507 2396 dimidiam

149 2423 234 2466 eius
261 2427 416 2480 operis,
449 2427 559 2467 cuius
584 2426 833 2481 Fragmenta
854 2430 1092 2476 tractamus,
1131 2429 1293 2478 partem
1311 2424 1506 2484 interisse,

149 2495 361 2552 Hugoni
380 2483 460 2541 hac
474 2499 529 2540 de
546 2500 647 2542 rein
665 2513 837 2541 censura
855 2497 1139 2541 dissertationis
1158 2511 1275 2538 meae
1292 2496 1506 2551 disputan-

148 2570 180 2610 ti
205 2568 449 2624 concedam,
491 2577 626 2612 tamen
660 2585 713 2612 ne
740 2570 821 2612 hae
846 2555 1011 2624 quidem
1032 2570 1188 2612 ratione
1215 2568 1421 2621 adducor,
1461 2574 1507 2612 ut

148 2642 336 2694 credam,
367 2647 551 2701 superari
564 2645 755 2697 modum,
795 2643 865 2701 qui
888 2643 995 2687 libro
1014 2642 1207 2701 sing-lari
1237 2642 1371 2687 totius
1383 2640 1506 2700 juris

1178 2713 1206 2757 1
1230 2714 1257 2746 ’Β
