1717 3123
62 336 116 387 is,
153 330 230 386 quiv
254 330 298 371 in
326 330 533 386 potestate
563 324 706 378 aliqu·
731 322 807 378 sit,
842 327 910 366 ut*
931 327 1033 380 puta
1055 323 1311 378 Proconsul,
1349 327 1416 367 vel

60 404 255 457 Praetor,
287 400 369 444 vel
379 397 471 451 alii,
488 394 570 449 qui
588 394 822 451 provincias
845 400 1017 453 regunt,
1027 396 1071 421 “
1084 403 1173 439 etc.·
1210 395 1416 452 sedquo

59 476 202 518 melius
220 468 454 537 praetorio
485 468 639 509 mentio
674 469 875 511 vocabulo
905 469 1206 525 magistratus
1239 482 1417 526 respon-

21 556 34 572 ,-
60 546 180 602 dest,
213 545 296 588 leni
320 540 558 597 trajectione
572 541 800 584 verborum
824 543 1029 596 adhibita,
1062 543 1284 598 legendum
1309 545 1416 586 arbi-

58 624 164 660 tror-
200 614 493 671 „Magistratus
519 617 676 668 autem,
709 615 811 656 vel
799 630 858 669 ιε,
893 615 1002 671 qui
989 628 1032 656 m
1053 620 1268 671 potestate
1280 617 1416 671 aliqua

60 680 135 744 sit,
186 692 333 742 utputa
358 684 557 728 Praetor
584 687 653 728 vel
682 686 1003 740 Proconsul,“
1054 692 1156 741 etc„
1206 688 1281 729 nisi
1306 690 1415 730 forte

58 745 341 815 l'jlpiauum
363 759 638 814 negligentiae
661 758 705 799 in
729 759 998 801 describendo
1022 760 1258 800 verborum*
1273 760 1415 801 ordine

61 831 318 884 insimulare,
354 836 424 872 aut
445 846 533 888 per
546 836 780 887 praetorem
807 835 900 872 cum
925 832 1152 874 Noodtio
1186 832 1228 874 in
1254 833 1418 874 Pioba·

58 904 126 945 bil.
145 903 231 959 jur.
258 902 333 943 civ.
359 903 386 945 l.
401 903 434 944 1.
453 918 488 944 c.
507 902 552 948 θ.
579 904 930 957 Pmpraetorem
955 904 1021 944 vel
1047 905 1275 961 Legatum
1300 906 1416 948 cae-

58 976 182 1019 saris
214 986 287 1018 seu
319 975 586 1018 Prae-sidem
618 975 843 1031 intelligere
868 976 1073 1027 malimus3
1131 976 1248 1032 quod
1276 978 1414 1057 tamen

58 1062 227 1103 vereor,
264 1060 318 1088 ne
340 1052 542 1102 perquam
567 1047 715 1088 durum
741 1047 801 1088 sit.

177 1120 244 1162 De
264 1118 460 1160 dediticiis
485 1132 528 1174 p.
562 1114 719 1159 191⁸ss
738 1118 766 1162 l.
787 1116 822 1159 9
841 1142 895 1150 -
917 1116 990 1162 18.
1011 1118 1089 1173 (tit.
1107 1119 1140 1160 Ι.
1165 1116 1324 1177 §.113
1353 1121 1411 1161 ita

59 1191 258 1246 scriptum
279 1190 450 1246 legiturz
480 1191 799 1244 „Dediticiorum
813 1204 983 1232 numero
1002 1197 1115 1244 sunt,
1154 1193 1227 1246 qui
1248 1206 1413 1247 poenae

58 1278 180 1306 causa
193 1263 316 1305 vincti
334 1269 424 1304 sunt
443 1278 469 1304 a
487 1263 662 1316 domino,
687 1263 833 1317 quibus
851 1263 1048 1318 vestigia
1066 1264 1219 1318 scripta
1236 1265 1413 1318 fuerunt,

59 1337 133 1393 qm·
154 1341 327 1392 propter
357 1348 505 1376 noxam
530 1336 627 1377 torti
654 1340 929 1387 nocentesque
955 1334 1105 1374 inventi
1138 1340 1263 1388 sunt,¹
1294 1336 1415 1390 quive

56 1409 194 1450 traditi
212 1413 323 1458 sunt,
353 1413 399 1448 ut
416 1408 527 1449 ferro
550 1414 620 1448 aut
635 1405 736 1448 'cum
753 1407 891 1448 bestiis
910 1406 1219 1462 depugnarent,
1251 1409 1317 1448 vel
1339 1421 1413 1447 cu-
1458 1399 1471 1404 ”

58 1481 231 1523 stodiam
252 1479 425 1536 conjecti
449 1479 634 1532 fuerunt,
670 1478 820 1521 deinde
847 1491 1013 1533 quoquo
1036 1477 1160 1518 modo
1182 1478 1414 1520 manumissi

57 1559 170 1603 sunt3
199 1553 325 1606 idque
342 1553 410 1593 lex
431 1553 558 1594 ascia
571 1552 680 1593 facit.
691 1554 716 1576 ‘⁶
747 1551 989 1606 conjectura
1020 1549 1252 1604 Cujacii‚
1283 1553 1412 1592 verba

57 1623 240 1681 „quibus
267 1624 489 1680 vestigia“
517 1625 703 1666 mutantis
727 1624 769 1663 in
797 1620 1029 1677 „quibusve
1056 1622 1336 1677 stigmata,“
1365 1630 1413 1666 ut

58 1698 334 1753 compluribus
353 1697 446 1737 viris
463 1696 591 1736 doctis
609 1696 759 1746 arrisit,
790 1695 847 1735 ita
869 1708 979 1735 nunc
1011 1693 1086 1735 Ga
1090 1694 1139 1749 ji
1177 1695 1411 1737 testimonio

56 1769 89 1810 Ι.
113 1766 156 1828 ξ.
187 1767 258 1808 13.
286 1768 454 1822 egregie
476 1767 776 1821 comprobatur.
816 1766 1034 1807 Praeterea
1052 1760 1152 1807 vero
1184 1767 1307 1822 Gaji
1337 1782 1413 1809 au-

58 1841 218 1882 ctoritas
239 1840 266 1882 l.
290 1853 329 1881 c.
352 1853 420 1880 me
454 1844 688 1894 permovet,
723 1838 828 1880 utin
843 1838 914 1879 illo
943 1838 1163 1893 Ulpiani
1193 1840 1288 1881 loco
1314 1846 1412 1882 <ante

56 1913 184 1955 verba
199 1912 294 1967 „vel
313 1910 538 1952 custodiam
553 1911 726 1967 conjecti
752 1911 972 1964 fuerunt“‚
1002 1911 1250 1953 intercidisse
1274 1913 1412 1954 existi-

57 1999 188 2027 mem:
218 1985 316 2026 inve
333 1984 499 2026 ludum.
560 1984 745 2039 Itemque
767 1985 891 2039 paulo
911 1989 1003 2025 ante
1019 1998 1098 2040 pro
1119 1984 1220 2040 „qui
1238 1991 1412 2041 propter

58 2060 242 2100 noxam“
258 2064 358 2109 etc.,
388 2071 440 2098 ne
459 2056 561 2098 illud
577 2058 712 2114 ‚‚qm'“
728 2057 842 2098 nimis
875 2056 1068 2097 dissolute
1089 2058 1267 2112 positum
1293 2072 1409 2099 com-

58 2135 218 2185 pareat,
235 2121 457 2184 legendum
470 2135 593 2184 puto:
627 2130 750 2186 quive
764 2133 934 2184 propter
953 2141 1102 2169 noxam
1122 2134 1211 2181 etc„
1231 2130 1345 2183 quod
1365 2135 1409 2171 et
1435 2119 1441 2130 ’

59 2202 195 2256 ipsum
210 2229 212 2231 -
228 2201 325 2257 Gaji
350 2203 587 2243 auctoritate
613 2203 641 2245 l.
663 2216 700 2246 c.
731 2201 898 2254 aliisque
915 2201 1133 2255 exemplis,
1155 2201 1349 2260 gelatio.-
1362 2202 1405 2259 3.
1426 2227 1433 2268 3

58 2271 236 2337 §4:29
251 2274 517 2334 Ᾰᾷᾳιοβιίἰιιιὲ,
544 2276 813 2315 confirmatur.
849 2297 904 2306 —
971 2272 1164 2315 Ceterum
1179 2288 1256 2329 per
1269 2275 1411 2330 legem

60 2346 252 2401 aeciam,
284 2347 398 2405 cujus
418 2347 576 2402 saepius
596 2348 637 2389 in
657 2347 799 2388 codice
816 2351 954 2387 nostro
971 2346 1123 2387 mentio
1150 2347 1218 2400 fit,
1260 2348 1409 2388 intelli-

59 2418 239 2474 gendam
269 2434 358 2461 esse
386 2415 523 2476 legem
572 2419 785 2461 Aeliam
827 2419 1090 2472 Sentiam,
1130 2419 1222 2475 jam
1254 2419 1411 2460 dudum

61 2492 241 2549 agnitum
259 2499 340 2547 est,
356 2497 503 2549 'neque
517 2492 641 2534 uuam
664 2491 953 2533 dubitationem
979 2492 1117 2534 habet.

137 2587 140 2589 —
182 2565 232 2607 ln
250 2565 297 2606 iis
315 2579 437 2621 vero,
478 2581 584 2623 quae
602 2564 786 2622 proxime
803 2564 846 2605 in
861 2565 1004 2606 codice
1030 2570 1168 2606 nostro
1187 2570 1412 2619 sequuntur

64 2637 141 2691 (tit.
159 2639 191 2681 1.
211 2636 385 2698 §.1202
415 2642 603 2695 „Eadem
626 2641 722 2698 lege
746 2644 910 2685 cautum
929 2643 1009 2694 est,
1038 2637 1084 2681 ut
1098 2637 1229 2689 minor
1245 2640 1410 2697 triginta
