1784 3123
115 363 120 368 ·
169 389 270 431 «μοι
301 375 500 430 classicos·
519 375 683 426 dicunt,
728 371 800 414 ubi
824 373 926 415 alter
952 373 1124 429 aiterum
1158 372 1332 429 anagn,
1374 374 1520 418 mmm.

169 446 359 489 duntaxat
374 449 515 498 solent,
545 458 629 487 nou
643 445 767 486 etiam
782 446 938 487 titulum
956 458 1289 499 commemorare,
1321 448 1520 499 quemad-

167 521 333 563 modum
352 533 404 562 ex
420 517 636 560 innumeris
654 518 913 574 Digestorum
925 518 1025 565 locis
1047 517 1212 571 aliisque
1232 519 1380 560 veteris
1389 517 1521 574 juris-

167 592 402 649 prudentiae
422 579 695 633 monumentis
721 594 1001 649 cognoscitu13
1044 590 1088 631 id
1117 591 1224 636 enim
1245 604 1296 633 ex
1311 591 1521 634 brevitatis

164 666 344 722 quodam
365 662 499 706 studio
516 664 558 705 iu
576 664 797 721 allegandis
813 664 1075 722 scriptoribus
1107 663 1323 705 commode
1347 664 1520 706 derivari

164 743 300 794 potest
324 741 450 791 atque
479 736 688 792 explicari,
722 731 840 792 ‘quod
868 739 1021 780 scilicet
1050 751 1101 778 eo
1136 750 1267 790 usque
1298 743 1520 790 sequuntur

163 818 319 852 veteres
348 809 637 863 Jureconsmlti,
679 816 723 852 ut
750 810 863 852 haud
884 825 978 852 raro
998 824 1148 851 nomen
1166 815 1322 851 tantum
1342 810 1518 852 auctoris

161 881 344 935 laudent,
373 897 424 924 ne
443 882 532 925 libri
553 884 729 939 quidem,
760 898 843 938 quo
865 885 1114 926 contineatur
1128 883 1185 935 id,
1218 882 1272 923 de
1290 894 1375 936 quo
1389 895 1518 936 quae-

160 954 281 1016 ritur,
320 957 521 997 mentione
538 956 719 1012 adjecta;
751 957 825 997 nisi
846 957 934 1010 quis
952 957 1058 997 forte
1081 956 1186 996 hanc
1217 945 1424 1010 allegandi
1447 968 1518 996 ra-

101 1052 104 1055 -
159 1027 308 1068 tionem
338 1042 389 1068 ex
417 1042 467 1069 eo
497 1035 684 1084 repetere
714 1029 846 1081 malit,
885 1029 995 1082 quod
1021 1029 1200 1069 evenerit
1215 1027 1440 1078 interdum,
1471 1031 1518 1068 ut

158 1100 388 1140 memoriter
409 1100 681 1140 Jureconsulti
697 1101 869 1141 aliorum
889 1102 1097 1155 opiniones
1113 1101 1322 1142 referrent.
1374 1099 1517 1150 Quid?

157 1170 268 1222 quod
296 1171 389 1210 illae
419 1172 553 1225 ipsae,
596 1186 696 1225 quas
718 1172 842 1226 paulo
867 1178 957 1212 ante
987 1173 1041 1214 ad
1070 1173 1340 1214 testimonium
1356 1172 1525 1222 vocavi,

148 1241 255 1296 juris
268 1241 444 1283 Romani
463 1244 655 1298 reliquiae
669 1245 710 1285 in
735 1243 904 1284 citandis
927 1244 1305 1285 Jureconsultorum
1325 1242 1436 1283 libris
1461 1242 1516 1283 ti-

154 1313 329 1367 tulisque
346 1329 422 1355 nec
436 1316 542 1355 inter
563 1330 606 1356 se
624 1317 785 1356 omnino
815 1317 1077 1367 conveniunt,
1109 1330 1185 1355 nec
1215 1315 1398 1369 singulae
1416 1314 1515 1354 sibi-,
1552 1336 1557 1359 ς

155 1386 264 1426 met
252 1399 365 1440 ipsae
382 1387 503 1441 plane
522 1392 723 1439 constant3
755 1386 868 1440 quod
885 1386 999 1426 haud
1015 1387 1120 1439 scio,
1160 1400 1212 1427 an
1240 1386 1516 1443 negligentiae

155 1457 206 1497 sit
231 1471 290 1513 ac
310 1458 553 1498 festmatmm
578 1466 798 1511 auctorum
821 1458 1261 1528 Qendum.
1325 1458 1396 1499 sic
1418 1472 1456 1498 v.
1476 1472 1511 1499 c.

153 1508 307 1569 Pauli
338 1530 634 1570 Sententiarum
658 1531 762 1571 liber
787 1536 943 1570 tantum
963 1529 1017 1569 ad
1032 1543 1139 1586 rem,
1184 1529 1236 1569 de
1259 1543 1340 1581 qua
1362 1529 1510 1583 agitur,

152 1601 377 1656 pertinens,
408 1616 491 1642 non
509 1602 630 1643 etiam
646 1604 781 1643 titulus
802 1604 944 1644 citatur
973 1603 1013 1642 in
1034 1601 1213 1641 vatican.
1239 1599 1407 1655 Fragm.
1432 1598 1509 1658 ὃς.

154 1671 257 1714 172.
285 1679 327 1714 et
357 1673 484 1725 336„
523 1676 702 1728 itemque
729 1676 770 1715 in
798 1672 1096 1714 Consultatione
1122 1686 1156 1711 c.
1184 1671 1226 1711 3.
1251 1678 1292 1712 et
1321 1673 1364 1713 in
1388 1673 1508 1728 Lege

149 1746 337 1787 Romana
356 1747 693 1801 Burgundionum
714 1747 769 1785 tit.
786 1746 877 1787 XX.
890 1773 902 1794 ‚
934 1745 1031 1785 licet
1045 1745 1087 1784 in
1105 1751 1280 1798 utroque
1298 1744 1380 1785 hoc
1403 1758 1510 1799 ope-

149 1832 214 1869 re,
258 1809 602 1869 quemadmodum
632 1818 711 1857 iam
741 1817 899 1867 monui,
944 1817 1104 1870 saepius
1122 1816 1348 1858 inveniatur
1370 1816 1509 1859 titulo-

147 1902 240 1928 rum
268 1887 321 1927 ad
351 1876 506 1928 Pauli
537 1889 762 1930 Sententias
791 1887 1061 1943 spectantium
1083 1889 1247 1940 relatio,
1288 1902 1393 1942 quae
1414 1889 1508 1942 qui-

149 1960 244 2001 dem
266 1960 307 2011 in
324 1959 571 2013 Collatione,
602 1962 833 2016 ubicunque
861 1962 914 2002 de
944 1961 1025 2002 hoc
1054 1962 1204 2002 Pauli
1235 1975 1362 2017 opere
1387 1975 1507 2002 men-

147 2035 204 2089 tio
235 2033 392 2085 incidit,
443 2048 643 2088 nusquam
679 2035 940 2076 desideratur.
1030 2035 1141 2075 Tum
1190 2034 1407 2089 Ulpiani
1450 2035 1507 2078 ad

81 2102 85 2106 ’
147 2105 339 2148 Edictum
357 2111 398 2147 et
412 2106 516 2147 liber
534 2115 576 2148 et
590 2108 726 2149 titulus
746 2108 786 2148 in
805 2106 1031 2148 collatione
1049 2107 1107 2148 tit.
1129 2106 1178 2166 ll.
1202 2120 1236 2148 c.
1258 2105 1312 2158 4.,
1343 2107 1401 2147 tit.
1415 2106 1505 2150 VII.

148 2187 184 2221 c.
201 2180 244 2224 3.
275 2184 316 2220 et
344 2179 403 2219 tit.
432 2180 523 2220 XII.
554 2195 588 2220 c.
607 2181 649 2224 ⁷.
680 2184 1034 2229 commemoratur,
1073 2180 1115 2219 in
1136 2179 1335 2219 Vaticanis
1365 2184 1504 2220 autem

147 2250 403 2308 Fragmentis
434 2252 561 2293 modo
595 2253 699 2295 liber
739 2253 948 2304 duntaxat,
1009 2256 1054 2291 ιιι
1081 2247 1155 2308 §§.
1186 2250 1286 2293 120.
1316 2256 1358 2291 et
1382 2249 1502 2305 318,

147 2326 272 2367 modo
297 2325 432 2366 titulus
462 2339 649 2380 quoque,
691 2332 736 2367 ιιι
752 2324 794 2383 §.
812 2324 936 2376 266„
976 2330 1017 2365 et
1036 2338 1146 2377 Aquae
1164 2329 1256 2366 sunt
1282 2325 1360 2365 alia
1379 2338 1432 2365 ex
1449 2339 1502 2366 eo

147 2411 313 2453 genere,
343 2420 406 2430 ·—
468 2397 714 2452 Quanquam
735 2411 853 2450 vero,
884 2401 931 2437 ut
952 2410 1003 2438 ex
1023 2411 1150 2452 supra
1168 2396 1284 2439 dictis
1310 2402 1498 2453 apparet,

147 2470 340 2511 credibile
360 2475 440 2522 est,
471 2483 685 2510 consuesse
713 2470 1018 2512 Jureconsultos
1042 2471 1250 2511 Romanos
1277 2470 1387 2510 libris
1417 2470 1498 2510 suin

148 2541 267 2582 etiam
303 2542 512 2586 titulorum
546 2541 630 2583 sive
665 2542 917 2583 rubricarum
940 2542 1253 2599 descriptionem
1287 2540 1497 2594 adhibere,

147 2621 281 2657 tamen
297 2615 340 2655 id
359 2617 413 2657 ab
429 2616 613 2684 omnibus
632 2616 784 2669 ubique
801 2617 1057 2658 observatum
1086 2631 1173 2658 esse
1184 2647 1197 2668 ‚
1235 2620 1391 2656 tantum
1419 2616 1497 2656 ah-

148 2694 228 2743 est,
255 2691 304 2730 ιιι
326 2672 592 2745 contendam,
630 2694 693 2732 ut
708 2689 751 2732 in
769 2690 1007 2732 contrariam
1027 2695 1187 2747 partem
1208 2688 1414 2746 disputare
1426 2700 1495 2729 au-
