1784 3123
776 198 798 216 4

318 209 380 252 16

316 315 394 357 sed
413 330 439 357 a
459 314 640 364 librariis,
671 312 749 353 nisi
771 313 1055 367 imprudenter.
1076 313 1425 366 transscriberent,
1455 318 1511 358 ml
1530 319 1670 377 eujus.

317 404 402 444 que
433 388 611 442 paginae
640 398 838 424 summam
865 386 1238 428 accommodandae
1262 390 1413 427 essentq
1440 403 1494 417 -κ-
1537 391 1671 432 ,Ηαῃο

312 462 350 502 si
370 460 575 512 sequimur
604 456 901 512 conjecturam,
932 457 1022 499 fere
1049 473 1189 500 omues
1213 458 1495 512 difficultates,
1525 439 1671 510 quihus

314 532 499 572 rubricas
521 529 863 584 Fragmentorum
889 534 1141 583 nostrorum,
1185 532 1324 584 quales
1350 528 1477 570 hodie
1505 527 1671 584 exstant,

310 603 542 658 implicatas
563 615 650 642 esse
671 600 1028 640 demonstravimus
1041 633 1053 653 ,
1087 603 1305 644 commode
1328 602 1512 643 videntur
1540 602 1669 657 expli-

298 675 401 715 'cari
418 688 555 729 posse.
615 672 781 712 Etenim
804 671 916 725 quod
944 672 1153 713 titulorum
1190 674 1517 728 inscriptionibus
1545 687 1672 729 argu-

314 752 499 786 mentum
522 744 777 799 suppositum
809 758 1128 799 saepenumero,
1170 745 1273 785 sicut
1302 746 1497 799 vidimus,
1538 747 1672 800 aliqua

290 872 292 874 Ι
314 823 473 858 tantum
491 831 542 857 ex
566 822 683 871 parte
704 816 946 870 respondet,
978 817 1022 856 id
1048 830 1131 856 non
1149 815 1322 868 amplius
1340 818 1571 870 mirabitur,
1602 818 1672 871 qui

316 904 458 931 secum
491 889 760 943 reputaverit,
802 903 926 942 quam
953 889 1072 930 facile
1102 888 1250 942 possit,
1280 887 1461 929 rubr-icas
1491 890 1670 944 singula-

315 975 409 1001 rum
450 961 692 1014 paginarum
736 961 776 1000 in
806 961 1012 1000 titulorum
1054 960 1234 1000 rubricas
1272 958 1356 998 sive
1395 959 1673 1014 inscriptiones

313 1031 618 1083 transferendo,
665 1032 792 1086 inepti
817 1032 916 1085 quid
949 1032 1152 1073 exsistere.
1225 1030 1435 1085 Exemplis
1465 1044 1553 1071 rem
1580 1032 1673 1073 illu-

316 1111 499 1146 stremus.
563 1103 799 1152 Quaestioni
826 1104 878 1143 de
910 1105 1081 1155 libertis,
1114 1104 1323 1156 adquam
1350 1103 1504 1157 primus
1536 1103 1673 1144 titulus

318 1190 370 1217 ex
394 1175 595 1216 hodierna
625 1169 968 1230 Fragmentorum
995 1181 1225 1217 nostrorum
1257 1175 1519 1230 dispositione
1538 1175 1673 1230 perti-

316 1254 411 1299 net,
443 1261 526 1286 non
558 1246 723 1298 dubito,
767 1249 865 1300 quin
894 1249 1151 1302 Ulpianus
1184 1263 1235 1288 ea
1261 1262 1425 1301 quoque
1450 1248 1672 1297 intexuerit,

315 1333 425 1373 quae
453 1318 507 1358 de
539 1322 644 1358 statu
663 1318 801 1359 liberis
824 1320 1026 1360 monenda
1052 1321 1231 1374 putavit,
1264 1324 1360 1373 apte
1389 1319 1576 1359 nimirum
1599 1333 1672 1359 co-

313 1389 526 1428 haerentia
551 1403 643 1429 cum
664 1404 805 1430 eorum
834 1393 1060 1443 mentione,
1093 1394 1163 1444 qui
1186 1396 1425 1432 testamento
1448 1392 1565 1431 liberi
1586 1404 1673 1432 esse

308 1460 412 1516 jussi
441 1464 544 1502 sunt.
620 1461 781 1510 Quodsi
811 1463 852 1502 in
879 1463 1156 1515 antiquissimis
1182 1464 1388 1504 codicibus
1420 1477 1542 1503 manu
1571 1463 1672 1503 scri-

314 1533 419 1586 ptis,
453 1531 802 1583 quemadmodum
827 1534 1036 1587 suspicor,
1078 1535 1134 1574 illi
1162 1535 1359 1588 paginae,
1403 1534 1516 1588 cujus
1546 1547 1672 1587 argu-

312 1609 495 1645 mentum
516 1603 569 1642 ad
593 1608 696 1642 statu
717 1604 866 1646 liberos
889 1606 1113 1659 spectabat,
1143 1606 1374 1660 praeposita
1395 1610 1481 1645 erat
1491 1605 1672 1645 rubrica:
1708 1661 1711 1662 γ

315 1676 428 1729 „De
458 1680 581 1716 statu
611 1674 785 1715 libero“
818 1677 921 1717 sive:
953 1677 1053 1729 „De
1072 1684 1194 1719 statu
1213 1677 1418 1729 liberis“,
1450 1677 1548 1718 nihil
1569 1677 1674 1717 haec

314 1762 383 1789 res
415 1746 649 1788 offensionis
687 1747 866 1788 habebat
882 1779 894 1800 ,
947 1751 1126 1802 quamvis
1167 1764 1309 1791 eorum
1349 1750 1595 1790 mentionem
1630 1750 1673 1790 in

316 1819 465 1860 eadem
496 1820 653 1874 pagina
684 1820 763 1859 alia
789 1821 996 1872 quaedam*
1015 1824 1081 1862 vel
1119 1822 1405 1862 antecederent
1430 1822 1495 1877 vel
1523 1835 1673 1874 seque-

313 1896 466 1931 rentur.
529 1891 586 1931 At
606 1904 705 1931 vero
728 1904 778 1930 ex
803 1905 885 1943 quo
909 1894 1069 1932 rubrica
1086 1894 1163 1933 ista
1184 1908 1207 1932 a
1234 1893 1396 1932 librario
1419 1893 1599 1945 quodam
1630 1893 1674 1932 in

316 1963 421 2002 tituli
444 1963 616 2016 proprio
645 1975 817 2003 numero
844 1962 1017 2003 distincti
1047 1964 1346 2018 inscriptionem
1376 1978 1568 2005 conversa
1599 1968 1670 2015 est,

314 2035 358 2074 id
380 2034 494 2088 quod
514 2034 715 2074 secundus
735 2034 1076 2090 Fragmentorum
1097 2042 1325 2076 nostrorum
1341 2037 1475 2076 titulus
1499 2036 1671 2077 demon-

315 2113 435 2159 strat,
470 2112 739 2166 consentanea
769 2122 858 2148 esse
890 2108 1008 2148 desiit
1039 2113 1079 2148 et
1110 2108 1414 2163 reprehensioni
1439 2109 1576 2149 locum
1596 2094 1671 2147 de-

315 2179 395 2231 dit,
429 2181 585 2235 quippe
613 2195 705 2221 cum
725 2181 928 2235 posterior
957 2180 1044 2235 ejus
1073 2180 1176 2221 tituli
1202 2196 1297 2236 pars
1324 2182 1376 2221 ab
1402 2179 1669 2234 inscriptionis

315 2252 512 2291 sententia
543 2266 710 2306 prorsus
738 2253 867 2293 aliena
897 2254 957 2293 sit.
1029 2252 1188 2293 Eadem
1216 2254 1304 2294 fere
1338 2254 1391 2293 de
1422 2253 1467 2292 iis
1499 2249 1671 2291 dicenda
1731 2279 1734 2281 -

313 2329 456 2374 erunt,
489 2338 594 2376 quae
615 2326 689 2364 sub
708 2325 765 2364 tit.
784 2326 855 2377 V.‚
888 2326 957 2366 Vl.
982 2330 1104 2378 atque
1128 2326 1217 2366 VII.
1242 2327 1439 2366 collocata
1458 2314 1670 2378 reperiun-

310 2401 390 2440 tur.
466 2394 756 2450 Ulpianum
796 2398 903 2438 enim
935 2402 1062 2437 totam
1101 2398 1412 2454 disputationem
1444 2396 1497 2436 de
1525 2395 1668 2445 modis,

312 2468 458 2520 quibus
489 2470 689 2509 naturales
715 2470 832 2510 liberi
860 2472 901 2511 in
931 2476 1132 2524 potestate
1163 2477 1380 2527 parentum
1406 2470 1524 2521 fiant,
1564 2468 1668 2508 ube-

308 2539 417 2579 riore
446 2540 598 2581 scilicet
632 2541 684 2581 de
705 2541 802 2595 jure
826 2543 1055 2598 nuptiarum
1084 2559 1132 2584 ac
1162 2544 1319 2584 dotium
1347 2542 1580 2597 quaestione
1605 2537 1669 2576 in-

311 2617 438 2664 serta,
482 2627 567 2654 uno
599 2620 750 2656 tenore
798 2616 1027 2671 peregisse,
1079 2630 1129 2657 ex
1173 2630 1222 2656 eo
1263 2616 1423 2658 videtur
1454 2622 1668 2667 apparere,
