1755 3123
1463 255 1524 300 51

173 361 312 416 detur,
347 363 460 417 quod
489 362 631 417 rationi
662 361 769 416 juris
795 360 861 400 vel
894 360 1030 400 stricto
1057 360 1142 414 juri
1172 361 1525 403 accommodatum

172 438 242 473 est.
305 434 418 486 Quid
444 436 568 491 igitur
582 462 595 484 ,
617 426 672 471 ..si
703 443 782 485 pro
818 427 979 484 ‚,ejus“
1028 432 1266 474 scribamus:
1307 431 1525 488 aequius?
1591 490 1597 493 ῃ

169 506 289 547 Hanc
305 508 339 546 si
358 502 563 560 sequirnui·
580 503 874 556 conjecturam,
903 504 1094 542 sententia
1122 505 1213 545 erit:
1254 505 1358 546 Sunt
1372 511 1524 556 tamen,

170 578 240 631 qui
262 583 304 618 et
318 576 400 618 hoc
417 590 513 616 casu
529 574 666 614 valere
685 574 865 629 aequius
896 575 940 628 (i.
962 588 997 616 e.
1024 587 1075 613 ex
1093 576 1281 627 aequiore
1307 578 1523 631 sententia)

170 632 260 691 eam
280 662 403 705 posse
422 647 583 696 dicunt3
614 647 669 687 ita
696 652 740 687 ut
769 646 850 687 hoc
875 647 986 699 loco,
1028 646 1380 700 quemadmodum.
1394 664 1522 705 saepe

168 723 235 774 fit,
258 722 362 776 juris
383 719 510 773 rigori
533 719 599 760 vel
621 719 778 760 strictae
790 719 896 775 juris
921 719 1063 775 rationi
1087 720 1278 773 aequitas·
1291 718 1521 775 opponatur

168 793 234 833 vel
252 790 466 844 benignior
486 792 770 846 interpretatio.
812 815 875 826 —
946 791 1104 842 Quodsi
1132 792 1185 832 de
1215 806 1336 832 causa
1362 795 1521 846 quaeri-

167 869 252 915 tur,
284 862 395 903 unde
420 863 561 904 vitiosa
588 863 736 905 codicis
769 864 894 905 nostri
913 865 1112 918 scriptura
1137 869 1225 905 orta
1241 865 1311 916 sit,
1357 865 1520 918 (quan-

167 948 293 989 quam
319 948 401 975 non
431 936 628 988 omnium,
672 950 777 990 quae
807 951 831 976 a
858 936 1026 976 librariis
1052 941 1225 990 peccata
1261 943 1376 987 sunt,
1417 937 1520 977 ratio

165 1006 283 1047 reddi
322 1009 505 1063 potest,]
553 1000 665 1049 haud
701 1009 808 1060 scio,
851 1023 903 1048 an
929 1023 953 1048 a
978 996 1239 1048 ⁴similitudine
1256 1010 1364 1060 soni,
1397 1023 1519 1061 quam

165 1084 382 1132 utrumque
400 1079 509 1118 istud
529 1080 773 1119 vocabulum
804 1069 829 1131 ‚,
840 1079 1021 1134 aequius
1034 1081 1059 1102 ‘⁶
1090 1084 1131 1119 et
1161 1077 1324 1134 „eju3“
1352 1080 1394 1120 in
1414 1095 1518 1135 pro-

165 1151 384 1192 nuntiando
404 1151 548 1202 habet,
581 1153 712 1206 repeti
730 1159 871 1204 queat,
902 1158 947 1191 ut
966 1151 1085 1190 facile
1103 1154 1280 1204 potuerit
1299 1168 1325 1192 a
1351 1154 1515 1194 librario

165 1223 383 1277 quopiam,
417 1221 448 1261 si
469 1222 574 1263 forte
592 1223 852 1274 dictarentur,
885 1237 989 1276 quae
1012 1222 1168 1262 calamo
1188 1224 1412 1277 exciperet,
1455 1226 1518 1264 al·-

164 1300 297 1334 terum
319 1294 563 1338 vocabulum
586 1296 745 1335 auribus
767 1296 871 1334 male
900 1299 1147 1348 perceptum
1176 1294 1303 1333 altero
1331 1308 1518 1335 commu-

164 1366 261 1415 tari3
293 1379 374 1419 qua
403 1364 568 1417 quidem
596 1366 752 1425 ratione
784 1366 887 1405 inter
931 1377 1073 1406 omnes
1122 1367 1277 1402 constat
1315 1366 1517 1418 permulta

162 1439 258 1479 vitia
273 1439 316 1481 in
337 1438 496 1478 codices
514 1439 803 1491 manuscriptos
820 1438 1040 1491 irrepsisse.

284 1509 589 1560 Formularum,
618 1523 723 1562 quae
739 1509 914 1569 libertati
932 1522 1009 1563 per
1031 1507 1383 1547 fideicommissum
1410 1509 1514 1552 dan·—

162 1583 241 1625 dae
272 1570 561 1633 adhibeantur,
610 1583 796 1636 exempla
826 1583 866 1621 in
900 1589 1076 1620 extrema
1112 1593 1153 1632 p.
1183 1578 1273 1619 192
1298 1588 1351 1608 θα
1373 1588 1415 1621 et
1450 1583 1515 1623 in-

161 1642 281 1696 eunte
301 1669 343 1710 p.
370 1653 460 1695 192
479 1649 530 1691 ³ss
553 1653 637 1706 (tit.
666 1654 718 1696 ΙΙ.
741 1652 783 1709 §.
813 1653 882 1706 7.)
927 1652 982 1692 sic
1009 1657 1316 1705 proponuntur:
1357 1686 1381 1706 „
1393 1669 1511 1710 rogo,

159 1727 257 1766 fidei
287 1727 492 1766 committo
522 1725 682 1764 heredis
702 1725 802 1776 mei,
834 1729 879 1762 ut
899 1723 980 1763 iste
998 1736 1097 1762 cum
1118 1736 1279 1762 servum
1296 1728 1514 1766 manumit-

158 1798 258 1839 tat.“
320 1797 386 1837 Ex
406 1802 598 1853 corrupta
619 1796 816 1851 scriptura
847 1795 966 1847 „iste
998 1795 1134 1836 cum“
1166 1795 1351 1850 plerique
1379 1798 1513 1839 edito-

159 1885 221 1910 res
239 1855 496 1909 effeceruntz‘
512 1868 737 1919 Stichum,
770 1868 845 1906 Hu
857 1881 921 1920 go
940 1872 1095 1907 autem:
1129 1868 1212 1907 iste
1237 1882 1343 1910 eum.
1394 1870 1514 1910 Hanc

159 1956 257 1984 vero
279 1942 516 1993 lectionem,
550 1941 731 1992 quamvis
756 1940 925 1993 propius
959 1940 1012 1979 ad
1038 1940 1187 1980 codicis
1209 1941 1447 1994 scripturam
1469 1957 1513 1982 se

158 2013 361 2069 applicet,
395 2027 419 2052 a
436 2020 508 2052 me
521 2013 739 2067 impetrare
762 2025 843 2051 non
860 2025 1040 2065 possum,
1072 2017 1117 2051 ut
1136 2026 1367 2067 agnoscam.
1412 2013 1512 2053 Val-

158 2088 212 2128 de
231 2086 338 2127 enim
356 2086 571 2125 molestum
591 2090 650 2125 est
666 2085 904 2125 vocabulum
927 2084 1089 2137 ‚‚2·ste‚“
1121 2099 1168 2124 ac
1193 2085 1257 2124 vix
1282 2084 1510 2137 ferendum,

157 2169 285 2213 quum
308 2157 490 2210 heredis,
533 2158 587 2198 ad
615 2171 737 2212 quern
763 2156 904 2197 referri
930 2155 1099 2209 debeat,
1139 2156 1288 2195 'mentio
1320 2156 1510 2209 proxime

158 2231 391 2282 antecedat,
429 2244 506 2270 nec
533 2231 585 2271 de
610 2231 688 2271 alio
718 2242 944 2284 quoquam,
986 2243 1108 2281 quam
1137 2228 1318 2281 herede,
1359 2230 1402 2268 in
1440 2230 1510 2269 illa

157 2303 375 2344 verborum
397 2304 685 2358 conceptione:
726 2334 752 2356 „
762 2307 828 2342 ut.
848 2331 857 2340 .
878 2332 887 2341 .
914 2314 1075 2341 servum
1097 2301 1405 2354 manumittat,“
1436 2315 1509 2341 co-

157 2375 277 2431 gitari
307 2382 439 2429 queat.
512 2375 703 2428 Accedit,
746 2373 859 2428 quod
885 2373 963 2413 alio
990 2373 1139 2414 codicis
1169 2375 1292 2414 nostri
1320 2375 1432 2426 loco,
1465 2388 1506 2428 p.

157 2447 249 2488 2⁰⁰
267 2453 319 2475 θα
338 2449 364 2489 l.
382 2449 423 2488 2.
444 2447 520 2501 (tit.
543 2446 692 2486 XXIV.
714 2444 755 2503 §.
774 2447 874 2501 12.)
905 2446 1016 2486 idem
1033 2447 1128 2486 fere·
1146 2447 1337 2486 mendum
1355 2446 1507 2499 repeti-

156 2514 242 2562 tur:
273 2519 515 2573 „homiuem
543 2519 666 2561 istico
702 2520 777 2572 do,
817 2520 978 2574 lego,“
1009 2521 1080 2560 ubi
1107 2518 1254 2573 Hugo
1286 2519 1373 2572 ipse
1405 2518 1508 2557 alio-

156 2607 248 2634 rum
280 2591 480 2633 editorum
522 2593 754 2647 exemplum
794 2596 952 2632 secutus
1008 2597 1118 2632 recte
1153 2590 1360 2644 reposuit:
1410 2589 1508 2631 Sti-

158 2665 298 2709 chum.
372 2664 551 2707 Omnino
588 2680 686 2708 vero
717 2665 831 2721 apud
867 2670 1024 2706 veteres
1053 2665 1359 2706 Jureconsultos
1374 2696 1387 2718 ,
1437 2664 1508 2704 ubi

1184 2735 1212 2772 4
1233 2736 1257 2762 ,οι
