1784 3123
311 209 372 254 12

311 313 661 369 quemadmodum
677 326 728 353 eo
737 313 834 368 jure
850 313 1088 366 liberentur,
1120 314 1365 368 disputasse,
1396 318 1578 365 quamvis
1601 317 1664 358 ni·-

311 387 371 429 hil
389 402 439 430 ex
457 388 538 429 hoc
559 386 652 427 loco
671 386 787 427 nobis
808 391 1009 428 servatum
1025 388 1095 440 sit,
1125 391 1210 428 tum
1225 399 1302 442 per
1324 398 1367 425 se
1387 391 1447 426 est
1467 388 1664 440 probabi-

310 461 371 509 le,
403 459 596 512 quoniam
619 460 745 513 paulo
772 464 863 499 ante
880 459 921 498 in
939 473 1103 500 manum
1125 459 1394 501 conventionis
1416 459 1665 512 meminerat,

308 538 396 572 tum
422 544 522 572 vero
546 531 666 587 Gaji
698 532 886 586 exemplo
918 531 1205 585 confirmatur,
1253 532 1405 586 quippe
1438 530 1523 583 qui·
1539 530 1663 572 Instit.

309 603 538 644 comment.
563 604 594 644 l.
614 602 656 660 ς.
675 603 791 656 137.,
824 609 1018 657 quantum
1037 617 1088 643 ex
1112 610 1304 659 corrupto
1325 604 1406 645 hoc
1431 604 1524 644 loco
1541 607 1666 655 atque

308 675 600 729 significatione
614 676 841 730 argumenti
855 675 947 730 jam
963 672 1006 730 ξ.
1022 673 1112 714 118
1134 682 1165 718 Β.
1181 676 1362 733 eiusdem
1378 674 1665 717 Commentarii

307 747 418 787 facta
450 747 588 801 colligi
617 752 776 801 potest,
811 761 859 787 ea
889 748 941 788 de
960 761 1006 787 re
1025 747 1233 796 tractavit,
1273 747 1496 801 praemissa
1512 746 1664 787 ‘videli-

310 824 375 859 cet
403 818 458 859 de
483 819 636 871 modis,
675 820 819 872 quibus
835 819 906 874 jus
934 819 1143 874 potestatis
1181 817 1383 870 solvatur,
1420 818 1664 872 quaestione.

309 891 516 941 Quocirca
538 891 742 931 rubricam
767 893 869 932 tituli
891 893 941 932 X.
955 923 967 944 ,
998 893 1080 932 sive
1103 891 1181 945 ipsi
1202 889 1431 944 Ulpiano
1445 922 1458 943 ,
1491 891 1574 930 sive
1601 888 1666 929 alii

309 963 487 1016 cuipiam
516 964 731 1003 tribuenda
756 965 829 1015 sit,
877 964 986 1004 hunc
1017 964 1058 1003 in
1085 962 1254 1002 modum
1285 960 1574 1001 restituendam
1598 968 1667 1000 ar·-

306 1033 459 1074 bitror:
492 1034 574 1084 Qui
593 1035 635 1075 in
654 1040 869 1090 potestate,
891 1049 1027 1076 manu
1050 1035 1305 1089 mancipiove
1330 1038 1433 1083 sunt,
1465 1031 1666 1084 quemad-

307 1105 477 1145 modum
497 1120 547 1146 eo
561 1106 659 1160 jure
691 1107 923 1148 liberentur.
1000 1106 1193 1147 Ceterum
1226 1106 1278 1146 de
1305 1105 1515 1160 potestatis
1539 1108 1666 1144 voca-

308 1178 408 1218 bulo
426 1191 530 1231 quae
548 1177 639 1233 jam
661 1178 714 1218 ad
737 1179 838 1219 tituli
861 1179 910 1220 V.
935 1180 1237 1234 inscriptionem
1261 1178 1423 1229 monui,
1456 1175 1602 1217 eadem
1623 1175 1666 1215 in

309 1248 419 1289 hanc
451 1263 634 1303 quoque,
666 1264 788 1303 quam
812 1251 939 1291 modo
964 1253 1233 1304 excussimus,
1271 1249 1572 1303 inscriptionem
1593 1262 1665 1287 ca-

310 1321 423 1362 dunt.
459 1321 571 1372 Quid
589 1336 687 1362 vero
706 1323 759 1363 de
784 1323 1108 1378 inscriptionibus
1125 1325 1183 1366 tit.
1203 1322 1329 1373 XIII„
1343 1321 1466 1374 XIV.,
1491 1320 1662 1361 XVI—-

307 1392 459 1433 XVIII.
493 1393 708 1435 dicamus?
768 1394 845 1436 His
868 1396 1074 1448 nimirum,
1106 1397 1137 1437 si
1161 1396 1226 1436 vel
1251 1395 1354 1435 inter
1381 1407 1447 1445 se,
1479 1393 1545 1433 vel
1571 1405 1665 1433 cum

306 1470 546 1518 argumento
565 1465 662 1518 ipsis
679 1467 865 1520 subjecto
883 1474 1186 1521 comparantur,
1218 1468 1315 1506 nihil
1340 1466 1507 1505 inveniri
1529 1469 1665 1518 potest

303 1536 476 1590 ineptius
508 1541 550 1577 et
578 1537 632 1577 ad
659 1537 846 1578 ordinem
879 1539 1095 1582 confusius.
1160 1539 1279 1590 Quae
1298 1538 1404 1578 enim
1417 1537 1532 1577 titulo
1551 1535 1664 1576 xm.

305 1609 579 1659 continentur,
612 1610 664 1649 ab
684 1610 953 1663 inscriptionis
982 1611 1176 1650 sententia
1201 1616 1287 1650 toto
1314 1610 1430 1649 coelo
1459 1608 1662 1648 differunt·

304 1680 394 1719 Nec
422 1680 557 1720 titulus
578 1680 686 1720 xlv.
711 1694 887 1735 poenam
917 1681 1019 1736 legis
1042 1681 1073 1722 J
1081 1683 1216 1722 uliae
1251 1683 1403 1736 ipsam,
1435 1679 1664 1734 inscriptio-

304 1764 357 1791 ne
382 1752 632 1802 nunciatam,
665 1752 739 1791 sed
766 1753 1016 1793 vacationem
1047 1753 1134 1809 ejus
1161 1767 1321 1809 poenae
1353 1753 1489 1794 refert.
1553 1751 1664 1792 Tum

303 1824 407 1864 tituli
435 1822 550 1864 XVI.
578 1823 824 1878 inscriptioni
853 1839 902 1865 ea
930 1831 1082 1866 tantum
1112 1827 1374 1878 conveniunt,
1405 1838 1510 1879 quae
1531 1825 1664 1879 prima

305 1897 393 1952 ejus
411 1898 514 1937 tituli
533 1896 797 1952 paragrapho
818 1897 1237 1950 comprehenduntur,
1268 1912 1349 1938 non
1372 1898 1469 1937 item
1485 1910 1662 1950 sequen—

304 1969 406 2009 tium
427 1969 784 2023 paragraphorum
803 1975 1111 2024 argumentum,
1143 1969 1256 2022 quo'd
1287 1970 1455 2024 propius
1481 1969 1535 2009 ad
1559 1967 1663 2009 tituli

303 2041 412 2083 XIV.
430 2043 630 2082 rationem
653 2042 821 2084 accedit.
885 2042 1073 2094 Denique
1101 2055 1206 2094 quae
1233 2041 1286 2082 de
1305 2041 1403 2096 jure
1433 2042 1596 2094 antiquo
1619 2040 1662 2080 in

305 2114 467 2156 caducis
492 2128 543 2156 ex
562 2115 758 2156 sententia
783 2115 886 2169 legis
908 2115 1100 2168 Papiae
1127 2114 1242 2154 titulo
1263 2114 1412 2154 XVIll.
1440 2113 1660 2169 proferun-

304 2192 393 2239 tur,
424 2194 721 2243 praepostere
738 2218 749 2240 ,
796 2187 1142 2241 quemadmodum
1168 2188 1287 2227 etiam
1313 2187 1357 2227 H
1365 2201 1469 2242 ugo
1494 2185 1657 2238 notavit,

302 2265 524 2312 sequuntur
541 2261 788 2301 mentionem
811 2260 913 2316 ejus,
932 2259 1046 2313 quod
1062 2260 1164 2315 lmp.
1191 2260 1484 2302 Antoninus
1508 2258 1561 2299 de
1588 2272 1658 2299 ca·-

301 2331 416 2371 ducis
445 2333 667 2384 constituit,
712 2333 975 2374 antecedente
1003 2333 1118 2372 titulo
1153 2330 1195 2389 ὃ,
1224 2332 1267 2373 2.
1305 2333 1487 2380 factam3
1527 2344 1658 2384 quan-

300 2418 423 2456 quam
446 2403 549 2445 haec
567 2405 807 2460 vituperatio
826 2406 879 2447 ad
898 2410 1029 2446 totum
1053 2406 1210 2446 titulum
1231 2396 1403 2456 XVIll.,
1441 2418 1575 2458 neque
1602 2403 1656 2445 ad

301 2476 598 2530 inscriptionem
622 2483 776 2518 tantum
807 2479 991 2533 pertinet.
1065 2478 1162 2518 Jam-
1180 2491 1285 2529 quae
1302 2477 1396 2516 inde
1419 2491 1442 2516 a
1463 2477 1519 2517 tit.
1544 2475 1654 2517 XIX.

300 2547 341 2587 in
370 2549 509 2589 codice
537 2556 675 2591 nostro
708 2557 862 2592 exstant
888 2551 1073 2592 rubricae
1093 2582 1105 2603 ,
1157 2550 1332 2604 aptiores
1368 2549 1534 2604 quidem
1562 2551 1654 2587 sunt

299 2619 515 2661 maximam
539 2629 698 2676 partem
724 2630 765 2665 et
791 2624 1089 2677 concinniores,
1129 2636 1204 2664 nec
1226 2628 1362 2664 tamen
1389 2621 1497 2663 omni
1518 2618 1653 2660 offen-
