1755 3123
9 1181 13 1187 .
90 1134 203 1186 quod
226 1148 275 1174 ea
297 1135 364 1174 lex
387 1131 693 1185 inFragmento
709 1132 791 1186 jur.
809 1133 931 1174 Rom.
961 1134 1290 1175 Dositheano
1332 1132 1375 1191 ς.
1406 1134 1447 1174 3.

1387 234 1449 278 2²

90 341 297 404 perfecta
334 342 408 385 lex
433 343 520 391 est,
561 340 829 392 quae-vetat
865 336 1058 397 quidem,
1088 341 1174 391 at,
1209 335 1251 379 εἰ
1266 335 1450 394 sactum

95 417 175 467 sit,
211 429 299 457 non
320 410 558 459 rescindih
589 409 672 449 sed
699 421 911 450 revocare
939 410 1247 451 tantummodo
1260 412 1450 465 permit-

95 488 150 531 tit
183 488 235 539 ei,
272 474 345 542 qni
370 487 530 526 contra
561 480 707 540 legem
729 480 866 538 fecit,
907 481 1042 523 veluti
1074 481 1147 523 lex
1175 483 1201 538 (
1217 480 1451 538 Cincia?)‚

95 573 210 614 quae
228 568 370 612 supra
387 557 557 593 certum
571 554 750 594 modum
773 554 937 595 donari
961 553 1211 608 prohibet‚“
1242 561 1319 596 etc.
1355 578 1358 580 Δ
1383 556 1451 596 Ex

92 630 208 672 variis
226 629 288 670 his
307 628 498 677 lacunae,
530 637 653 679 quam
679 626 923 680 notavimus,
955 624 1211 682 supplendae
1230 628 1450 669 rationibus

91 700 323 755 longissime
338 698 439 738 mihi
453 698 506 738 ab
521 699 628 739 omui
646 700 931 753 probabilitate
956 698 1179 739 abhorrere
1205 713 1255 739 ea
1279 698 1451 755 videtur,

91 766 215 826 quam
245 768 571 815 Meermanus
601 769 696 812 iniit.
759 772 866 813 Nam
881 777 1046 828 praeter
1061 771 1184 827 plura
1200 771 1302 825 alia,
1346 786 1452 826 quae

93 845 130 885 ei
159 843 341 895 obstant,
382 844 505 899 paulo
524 848 620 898 post
639 843 899 897 explicanda,
932 845 1086 900 duplici
1122 858 1261 885 errore
1300 844 1452 896 nititur,
1499 852 1503 855 ’

91 916 273 970 quamvis
292 917 498 972 ingeniose
518 929 569 956 eo
589 927 705 955 usum
738 930 827 957 esse
856 915 940 958 Me
951 931 1212 958 ermanum
1242 916 1358 960 haud
1375 931 1452 958 ne-

89 990 283 1044 gaverim.
346 989 512 1039 Scilicet
527 987 749 1041 utinlegis
781 988 813 1030 J
819 989 960 1030 uliae
1001 995 1043 1030 et
1080 990 1276 1045 Papiae
1316 991 1451 1046 suspi-

91 1062 248 1102 cionem
272 1062 490 1110 incideret,
535 1063 780 1113 propterea,
827 1061 929 1102 sicut
955 1062 1043 1117 ipse
1071 1063 1153 1117 ait,
1193 1063 1348 1103 factum
1374 1068 1449 1115 est,

90 1204 176 1259 (vel
191 1206 416 1246 secundum
435 1217 571 1244 meam
586 1202 801 1245 editionem
831 1203 874 1263 ὃ.
900 1206 965 1261 2.)
987 1213 1350 1258 commemoratur,
1386 1211 1450 1246 at-

91 1290 170 1329 que
189 1277 310 1333 hujus
329 1275 567 1331 Fragmenti
586 1275 739 1317 fontem
756 1278 933 1318 animum
950 1278 1018 1317 ille
1035 1278 1245 1318 induxerat
1276 1278 1317 1318 in
1354 1278 1418 1319 Ul
1428 1301 1450 1309 -

85 1348 143 1403 pi
153 1349 244 1389 ani
274 1348 389 1390 libro
407 1347 692 1403 Regularum
705 1364 794 1390 esse
810 1349 1113 1403 quaerendum3
1146 1363 1268 1402 quam
1286 1341 1451 1404 quidem

90 1419 321 1475 opinionem
357 1434 522 1477 prorsus
557 1420 703 1460 falsam
731 1434 843 1470 esse,
893 1421 937 1461 in
972 1420 1250 1463 dissertatione
1278 1437 1370 1463 mea
1397 1422 1451 1463 de
1711 1462 1714 1466 ,
1739 1424 1753 1460 ι’

88 1491 337 1548 Fragmento
367 1491 586 1534 Dosithe
599 1506 658 1532 an
671 1506 697 1532 o
727 1506 772 1547 p.
793 1492 865 1534 38.
886 1508 972 1547 seq.
995 1494 1273 1534 demonstravi.
1333 1496 1450 1536 Alter
1517 1488 1519 1490 ’

89 1576 187 1604 vero
204 1579 317 1619 error
328 1596 340 1617 ‚
372 1579 496 1619 quem
512 1564 700 1614 nimirum
717 1564 810 1605 cum
828 1565 1007 1619 plurimis
1032 1565 1286 1619 superiorum
1304 1582 1451 1608 saecu-

88 1637 221 1679 lorum
240 1640 332 1680 viris
353 1639 481 1680 doctis
510 1638 838 1680 Meermanus
865 1650 1127 1695 ⁵communem
1153 1637 1355 1691 habebat,
1395 1640 1452 1681 ad

88 1706 284 1753 librorum
302 1712 667 1766 manuscriptorum
690 1709 939 1749 Gervasii
969 1714 1011 1749 et
1028 1709 1163 1751 Aure
1177 1711 1299 1753 dani
1325 1712 1453 1753 fidem

89 1777 448 1837 auctoritatemque
476 1783 663 1838 pertinet.
736 1781 968 1835 Utrumque
999 1782 1106 1822 enim
1130 1783 1240 1825 hunc
1267 1785 1453 1826 codicem
1476 1806 1481 1839 3

88 1855 212 1897 hodie
241 1862 396 1898 constat
427 1857 586 1897 decimo
609 1848 726 1896 sexto
754 1854 1116 1920 demum-saeculo
1150 1870 1201 1897 ex
1240 1858 1451 1897 Tili’ano
1477 1891 1481 1909 ,
1532 1878 1571 1918 s>

88 1927 430 1984 Fragmentorum
457 1934 688 1969 nostrorum
716 1926 861 1966 codice
888 1928 1193 1983 transscriptum
1236 1929 1451 1983 multisque
1493 1916 1548 1954 7

88 2002 220 2042 modis
235 2003 525 2059 interpolatum
541 2015 651 2054 esse,
685 1999 788 2054 (qua
805 1998 858 2038 de
875 2002 921 2039 re
940 1999 992 2042 cf.
1021 2000 1231 2057 Hugoni
1245 2016 1263 2042 s
1302 2001 1451 2042 Ptom-

89 2075 262 2114 tuarium
271 2076 376 2131 juris
397 2077 519 2117 civilis
538 2075 659 2116 Tom.
668 2072 737 2114 1V.
746 2085 790 2127 p.
801 2070 890 2111 361
908 2094 962 2102 —
978 2072 1081 2117 371.
1093 2076 1125 2130 ς)
1148 2080 1189 2114 at
1205 2075 1273 2114 ille
1291 2079 1450 2114 utrum—

90 2160 171 2201 que
199 2149 371 2190 credidit
396 2150 603 2204 antiquum
630 2159 718 2188 esse
744 2158 792 2184 ac
828 2143 1046 2196 sincerum,
1097 2152 1137 2187 et
1174 2147 1311 2188 Aure
1324 2146 1450 2188 dani

89 2222 342 2275 potissimum
372 2222 558 2262 codicem
593 2223 635 2262 in
660 2218 936 2261 constituendo
968 2219 1079 2260 initio
1105 2219 1452 2275 Fragmentorum

91 2299 320 2337 nostrorum
349 2299 508 2336 secutus
538 2298 611 2335 est.
683 2293 731 2334 ln
762 2304 844 2346 quo
870 2292 1013 2333 codice
1033 2306 1158 2346 quum
1178 2293 1233 2333 ita
1256 2294 1452 2349 scriptum

93 2364 161 2405 sit:
192 2367 355 2424 „Quod
385 2367 542 2408 datum
566 2366 769 2422 legatum
794 2369 881 2417 est,
926 2379 1041 2420 quae
1059 2365 1130 2407 lex
1143 2366 1354 2422 perfecta
1371 2370 1450 2406 est.

95 2434 246 2480 Minus
277 2454 411 2496 quam
428 2438 639 2498 perfecta
664 2438 737 2480 lex
759 2443 848 2489 est,
888 2452 1001 2494 quae
1021 2439 1229 2496 prohibet
1256 2437 1451 2495 exceptis

93 2509 358 2564 quibusdam
377 2513 583 2570 personis
607 2512 764 2554 mortis
790 2525 932 2553 causa
961 2514 1066 2573 plus
1094 2515 1287 2563 donare,
1335 2517 1379 2553 et
1414 2512 1454 2554 εἰ

17 2575 22 2582 “
85 2583 191 2637 plus
225 2584 439 2630 donatum
473 2588 551 2642 sit,
597 2600 682 2629 non
717 2584 955 2638 rescindit3
1005 2592 1085 2628 aut
1119 2591 1241 2629 vetat
1279 2585 1454 2642 aliquid

80 2655 215 2711 fieri,
256 2664 299 2702 et
321 2659 360 2702 εἰ
375 2661 561 2718 factam
585 2662 664 2715 sit,
704 2676 790 2704 mm
809 2661 1080 2714 rescindit,“
1112 2666 1188 2703 etc.
1217 2661 1259 2702 in
1285 2664 1450 2717 promtu
