1717 3123
1389 138 1404 167 u

1371 214 1464 268 4²4

82 316 182 374 quid
193 315 304 359 rmihi
323 315 382 358 de
393 329 444 357 ea
459 312 718 365 emendanda,
732 312 925 356 videatur.
988 313 1160 357 Scilicet
1189 328 1274 358 non
1302 319 1435 364 credi-

81 390 164 446 bile
181 395 262 443 est,
287 391 426 445 legem
441 388 649 430 Aeliam
669 386 900 446 Sentiam
917 401 1074 439 eorum,
1105 390 1179 443 qui
1197 402 1333 431 censu
1347 404 1437 431 ma-

79 455 243 514 numissi
259 466 392 503 essent
407 460 580 502 minores
597 458 760 513 triginta
779 467 999 512 annorum,
1033 461 1189 502 nullam
1214 461 1341 516 plane
1366 475 1437 502 ra-

78 534 232 575 tionem
249 534 430 582 duxisse,
457 543 552 569 cum
571 530 692 593 θὼρ
707 544 837 573 censu
851 533 1138 583 manumissos,
1177 534 1254 574 nisi
1271 534 1438 595 triginta

78 617 204 648 annos
220 603 438 652 haberent,
474 601 675 644 civitatem
701 603 930 646 Romanam
955 617 1040 647 non
1066 610 1305 647 consecutos
1332 620 1437 658 esse,

77 689 130 717 ex
160 676 296 730 Gajo
324 674 357 714 Ι.
384 670 460 730 §§
479 673 552 718 17.
583 681 623 716 et
648 676 745 727 18„
780 677 1088 733 Theophilo
1116 676 1150 721 Ῑ.
1171 673 1219 719 5.
1243 674 1286 733 §.
1318 677 1363 720 4.
1393 684 1436 720 et

76 748 251 788 maxime
278 758 330 786 ex
357 745 608 802 Fragmento
640 747 975 790 Dositheano
1007 745 1050 806 ᾗ.
1081 749 1153 790 ult.
1176 754 1435 804 compertum

75 819 310 860 habeamus.
374 819 640 877 Quapropter
669 820 784 861 haud
812 826 967 880 =temere
998 822 1198 876 suspicari
1228 821 1341 872 licet,
1368 822 1434 863 le-

73 904 172 946 gem
214 890 332 931 istam
372 906 504 934 censu
539 892 805 933 manumissos
848 898 941 933 ante
988 893 1214 948 legitimam
1257 899 1434 935 aetatem

72 976 203 1017 aeque
234 978 283 1004 ac
318 963 402 1005 sine
434 964 598 1015 consilio
628 964 914 1016 manumissos,
961 979 1098 1007 servos
1139 979 1308 1007 manere
1346 980 1431 1022 pu-

71 1041 199 1085 tasse;
230 1036 578 1090 quemadmodum
599 1037 720 1082 etiam
747 1036 826 1077 Go
838 1051 887 1077 es
899 1037 1085 1078 cheniu
1097 1052 1115 1078 s
1141 1038 1186 1078 in
1205 1037 1430 1079 commen-

69 1108 182 1149 tariis
205 1107 551 1164 jurisprudentiae
584 1106 799 1149 historicae
828 1108 1155 1150 Berolincnsibus
1200 1109 1322 1151 Tom.
1352 1109 1427 1151 111.

24 1223 27 1226 ,
69 1194 113 1235 p.
135 1179 239 1220 243.
262 1178 432 1220 etz-14.
463 1180 670 1237 existimat.
736 1181 862 1231 Quod
880 1182 914 1222 si
933 1183 990 1222 ita
1009 1186 1091 1234 est,
1120 1194 1263 1222 rursus
1280 1182 1430 1221 mirum

69 1252 200 1305 foret,
231 1252 265 1293 si
299 1250 554 1307 Ulpianus
582 1253 625 1293 in
645 1253 885 1308 exponenda
911 1254 1016 1310 legis
1055 1253 1255 1295 Aeliae
1293 1252 1429 1294 Sen-

68 1325 179 1367 tiae
210 1325 406 1366 sententia
426 1325 469 1366 id
488 1331 664 1377 tantum,
696 1326 810 1380 quod
828 1325 881 1366 de
908 1324 1130 1367 minumus
1159 1326 1330 1381 triginta
1352 1340 1429 1367 an-

67 1410 212 1438 norum
233 1397 317 1437 sine
335 1398 499 1438 consilio
521 1392 587 1438 vel
608 1402 852 1439 testamento
877 1396 1129 1438 manumissis
1154 1412 1208 1438 ea
1223 1398 1320 1452 lege
1342 1404 1427 1438 sta-

66 1474 196 1509 tutum
226 1474 352 1521 esset,
392 1463 711 1510 commemoratu
737 1469 908 1524 dignum
927 1469 1155 1519 habuisset,
1197 1469 1425 1522 praeteritis

66 1553 201 1582 censu
219 1541 485 1585 manumissis.
548 1542 697 1595 Neque
719 1542 826 1582 enim
855 1554 947 1581 cum
978 1539 1009 1579 S
1023 1538 1337 1595 chultingio
1369 1540 1425 1581 ad

65 1613 174 1654 hunc
204 1613 343 1653 locum
369 1614 523 1656 causari
544 1614 657 1666 licet,
698 1614 810 1667 quod
837 1625 960 1653 censu
982 1611 1294 1652 manumittendi
1321 1625 1424 1653 con·
1466 1605 1468 1607 ¹

63 1685 236 1727 suetudo
266 1686 489 1741 Ulpiani
519 1691 650 1726 aetate
671 1684 907 1734 exoleverit3
946 1698 1043 1725 uam
1061 1684 1115 1726 de
1140 1683 1238 1740 lege
1269 1685 1424 1726 Aelia

63 1757 96 1799 S
109 1760 272 1809 entia,
305 1758 419 1813 cujus
437 1757 602 1811 quidem
614 1763 747 1798 aetate
763 1762 920 1799 constat
937 1758 1300 1800 manumissionem
1306 1759 1424 1800 istam

61 1830 104 1871 in
125 1843 202 1871 usu
223 1829 370 1883 fuisse,
402 1842 452 1870 eo
469 1829 582 1882 loco,
612 1830 655 1871 in
678 1843 762 1885 quo
790 1843 1108 1883 commoramur,
1147 1829 1421 1887 Ulpianus

62 1902 240 1958 disputat
262 1907 385 1956 atque
399 1902 446 1942 id
467 1903 565 1957 agit,
587 1908 645 1954 ut,
661 1903 764 1956 quid
778 1903 883 1943 haec
901 1896 970 1944 lex
987 1903 1040 1943 de
1059 1904 1282 1944 minoribus
1299 1904 1420 1945 XXX

61 1974 525 2028 annorum-manumissis
541 1975 721 2027 senserit,
742 1974 937 2029 explicet3
969 1976 1082 2030 quod
1101 1975 1222 2016 etiam
1237 1975 1289 2016 M
1299 1989 1323 2017 e
1335 1990 1421 2017 er—

61 2060 267 2098 manus,
304 2047 487 2100 quamvis
516 2048 649 2088 minus
684 2052 796 2087 recte
826 2047 1063 2102 Fragmenti
1093 2048 1418 2088 Dositheani

62 2118 300 2159 auctoritate
315 2132 432 2170 usus,
464 2124 605 2160 contra
635 2118 1035 2173 Schultingium
1065 2119 1235 2162 monuit.
1272 2118 1416 2173 Itaque

61 2204 145 2232 non
172 2191 350 2232 debebat
379 2191 449 2231 illo
467 2189 577 2231 'loco
621 2191 886 2248 Ulpianus
927 2204 1060 2232 censu
1078 2191 1416 2231 manumissorum

25 2290 28 2293 -
60 2265 309 2305 mentionem
343 2262 682 2318 praetermittere,
733 2263 807 2304 nisi
848 2262 890 2303 in
926 2276 1019 2304 eam
1041 2262 1415 2318 reprehensionem,

61 2335 175 2390 quod
195 2336 435 2393 imperfecte
451 2348 540 2376 rem
561 2336 805 2391 exposuerit,
828 2335 952 2377 vellet
971 2337 1189 2378 incurrere.
1250 2335 1318 2391 Ab
1336 2335 1415 2377 hae

61 2414 198 2449 autem
225 2410 515 2465 vituperatione
543 2422 709 2463 prorsus
727 2408 1020 2466 vindicabitur,
1064 2411 1098 2450 si
1124 2422 1203 2465 pro
1224 2420 1413 2462 „caesa-

60 2479 164 2521 ris“
186 2493 348 2522 mecum
365 2480 589 2538 legendum
615 2481 840 2522 arbitreris:
871 2494 1074 2535 censwe,
1107 2487 1151 2523 ut
1174 2482 1297 2536 plena
1315 2493 1412 2521 sen-

61 2554 185 2594 tentia
211 2554 281 2594 sit:
336 2555 457 2606 „ideo
481 2555 569 2595 sine
587 2553 752 2594 consilio
778 2556 1066 2596 manumissum
1099 2566 1281 2595 ceuswe
1306 2553 1411 2607 (scil.

61 2626 543 2687 manumissum)·servum
561 2640 725 2668 manere
748 2631 878 2683 putat.
890 2630 919 2654 “
978 2628 1140 2683 Nempe
1167 2625 1252 2666 siue
1277 2626 1412 2667 consi-
