1784 3123
1206 182 1229 212 (J

136 545 218 586 que
243 531 428 586 explicat.
458 551 523 560 —
582 526 735 568 Verum
757 528 959 569 enimvero
986 539 1037 567 ex
1066 532 1183 581 parte
1200 533 1355 570 tantum
1376 528 1494 570 nobis

138 607 293 650 servata
311 605 414 651 sunt,
443 612 547 652 quae
566 598 618 639 de
639 599 796 654 legibus
827 599 1089 653 Ulpianus
1120 599 1229 639 initio
1247 601 1350 652 libri,
1370 614 1494 653 quem

140 679 377 723 tractamus,
408 676 638 720 monuerat;
669 670 767 712 illud
783 676 917 712 tamen
934 686 985 712 ex
998 672 1059 724 iis,
1092 686 1199 726 quae
1217 672 1373 725 reliqua
1391 677 1495 724 sunt,

135 744 362 797 intelligere
379 743 493 793 licet,
533 743 586 783 de
611 743 834 783 discrimine
851 743 1124 798 perfectae,·
1143 742 1429 800 imperfectae
1454 748 1497 783 et

135 815 278 858 minus
295 829 426 871 quam
436 815 664 873 perfectae
679 814 783 870 legis
803 828 896 855 eum
916 816 1152 872 disputasse.
1208 817 1399 870 Namque
1417 815 1495 856 mi-

135 901 210 929 nus
241 901 364 940 quam
394 889 602 943 perfectae
628 887 729 942 legis
755 892 796 926 et
818 886 996 929 definitio
1021 891 1180 946 integra
1201 895 1243 931 et
1262 889 1497 943 exemplum

135 960 178 1001 in
202 959 455 1016 Fragmentis
479 961 621 1001 nostris
649 964 796 1008 exstat3
851 973 969 1013 quae·
989 976 1086 1004 vero
1121 977 1212 1004 eam
1245 961 1495 1003 mentionem

136 1032 377 1072 antecedunt
390 1033 536 1084 verba,
568 1031 742 1071 dubitari
765 1031 923 1084 nequit,
955 1033 1052 1086 quin
1079 1034 1132 1073 ad
1159 1034 1392 1089 exemplum
1409 1032 1492 1072 im-

129 1103 365 1159 perfectae
398 1105 500 1158 legis
534 1104 780 1157 pertineant,
825 1104 938 1158 cujus
975 1119 1124 1146 nomen
1163 1121 1212 1146 ac
1238 1107 1351 1146 notio
1380 1103 1494 1159 apud

137 1174 466 1233 Macrobium
507 1174 775 1218 Commentar.
806 1175 849 1216 in
886 1176 1095 1218 Somnium
1135 1178 1337 1232 Scipionis
1371 1177 1398 1217 l.
1439 1174 1491 1215 11.

139 1262 174 1288 c.
193 1226 361 1308 lffiffiub
384 1249 452 1288 fin.
471 1249 675 1288 invenitur.
720 1248 1043 1288 Consentaneum
1055 1249 1192 1301 itaque
1211 1255 1272 1288 est
1301 1247 1496 1298 arbitrari,
1518 1237 1552 1314 ἶ
1581 1274 1593 1280 -
1628 1249 1644 1272 *s
1682 1238 1753 1261 ’Μ’

139 1321 191 1361 de
199 1320 407 1376 perfecta
424 1334 587 1373 quoque
605 1321 700 1375 lege
721 1325 838 1361 antea
853 1325 1069 1360 tractatum
1086 1319 1221 1360 fuisse.
1271 1321 1383 1361 Num
1399 1333 1496 1361 vero

139 1393 258 1432 etiam
287 1393 339 1431 de
359 1392 465 1446 plus
499 1400 631 1445 quam
649 1391 863 1445 perfecta
878 1393 1002 1446 lege,
1039 1390 1083 1430 id
1102 1391 1215 1443 quod
1246 1392 1497 1431 Zimmer-

137 1464 254 1504 nius
285 1464 327 1504 in
355 1463 534 1504 Historia
557 1463 661 1517 juris
689 1463 813 1505 Rom.
842 1463 986 1518 privati
1010 1462 1130 1502 Tom.
1150 1461 1181 1500 Ι.
1201 1459 1244 1517 §.
1268 1462 1339 1503 17.
1363 1478 1406 1518 p.
1423 1461 1498 1503 62.

140 1541 181 1575 et
210 1535 498 1576 Franckius
528 1535 570 1574 in
597 1535 856 1575 Tractatibus
880 1535 956 1590 jur.
983 1535 1054 1573 civ.
1075 1547 1118 1586 p.
1143 1532 1183 1572 6.
1201 1540 1398 1586 statuunt,
1432 1541 1496 1575 at-

139 1607 349 1660 queillius
378 1620 520 1646 censor
549 1593 857 1646 Huschkius
896 1606 936 1644 in
964 1604 1270 1646 Commentariis
1289 1606 1496 1661 jurispru-

140 1679 299 1720 dentiae
339 1679 482 1719 criticis
509 1678 833 1730 Tubingensibus
858 1677 978 1716 Tom.
1005 1676 1056 1716 V.
1094 1676 1213 1717 Fasc.
1245 1677 1297 1717 Π.
1322 1692 1366 1732 p.
1393 1677 1497 1718 228.

143 1751 408 1804 comprobat,
449 1748 569 1787 valde
596 1748 784 1800 equidem
809 1748 1029 1801 addubito,
1074 1762 1166 1788 cum
1184 1749 1253 1788 illa
1269 1750 1360 1803 ipsa
1375 1750 1499 1800 notio,

140 1836 264 1876 quam
282 1822 401 1862 etiam
424 1820 575 1874 Hugo
605 1821 647 1860 in
666 1820 844 1861 Historia
851 1820 934 1875 jur.
954 1821 1074 1862 Rom.
1090 1835 1133 1875 p.
1149 1820 1253 1860 434.
1273 1822 1498 1862 defenden-

141 1895 236 1935 dam
253 1898 391 1949 putat,
423 1894 489 1933 vix
507 1893 606 1932 mihi
624 1892 778 1933 admitti
796 1907 920 1948 posse
937 1893 1131 1933 videatur.
1171 1893 1362 1933 Perfecto
1379 1892 1497 1944 enim,

118 1989 126 1997 -
142 1967 254 2021 quod
274 1967 450 2021 proprie*
462 1953 650 2015 dicimus,
681 1966 780 2007 nihil
795 1972 932 2021 potest
960 1980 1047 2007 esse
1073 1966 1316 2021 perfectius,
1355 1965 1429 2006 nisi
1445 1965 1499 2005 de

140 2041 230 2095 ipsa
249 2039 421 2093 perfecti
439 2040 602 2079 notione
618 2039 865 2093 aliquantum
883 2038 1097 2079 detrahere
1116 2039 1235 2088 velis3
1274 2051 1323 2078 ac
1342 2050 1499 2077 summa

143 2113 316 2153 civilium
345 2112 484 2165 legum
510 2113 568 2152 vis
591 2112 631 2151 in
661 2126 711 2152 eo
738 2112 922 2162 cernitur,
954 2116 1009 2161 ut,
1037 2111 1234 2162 quidquid
1264 2115 1403 2149 contra
1429 2123 1498 2149 eas

141 2184 295 2225 factum
312 2188 395 2233 est,
426 2183 516 2236 ipso
524 2183 620 2237 jure
635 2187 717 2224 nen
743 2182 873 2223 valeat
895 2182 961 2222 vel
979 2182 1252 2232 rescindatur,
1293 2182 1409 2236 quasi
1434 2182 1500 2222 in—

143 2257 296 2297 fectum
329 2256 397 2308 sit,
435 2255 562 2308 idque
589 2256 803 2310 proprium
831 2259 889 2294 est
912 2254 1121 2308 perfectae
1139 2255 1268 2310 legis3
1301 2256 1362 2296 sin
1380 2255 1500 2296 etiam

144 2342 279 2383 poena
303 2328 484 2378 additur,
527 2328 736 2368 criminalis
764 2327 897 2383 potius
932 2341 1053 2387 causa
1070 2328 1228 2369 exsistit.
1260 2352 1324 2360 —
1387 2327 1502 2378 Quid

145 2414 243 2440 vero
267 2407 309 2441 et
335 2400 541 2455 quomodo
569 2400 622 2440 de
651 2400 836 2454 perfecta
862 2405 985 2453 atque
1011 2401 1252 2455 imperfecta
1275 2402 1369 2455 lege
1400 2400 1502 2441 Ul-

145 2472 328 2527 pianus
360 2472 602 2524 disseruerit,
619 2468 702 2512 non
717 2472 791 2512 nisi
806 2471 1047 2527 conjecturis
1067 2474 1316 2527 aliquatenus
1332 2472 1502 2513 investi-

146 2545 235 2599 gari
250 2549 405 2599 potest3
439 2547 549 2588 unde
568 2560 651 2587 non
675 2550 756 2596 est,
788 2545 900 2599 quod
918 2547 1131 2597 miremur,
1161 2546 1260 2585 alios
1291 2545 1407 2586 aliter
1422 2546 1504 2586 hac

148 2617 202 2658 de
228 2631 273 2659 re
301 2617 457 2660 sentire.
530 2620 592 2662 Ac
619 2620 795 2677 primum
811 2618 979 2674 quidem
1001 2618 1253 2675 Cujacius
1285 2616 1501 2661 Observat-

1417 203 1489 261 25

135 319 399 373 praepostero
418 317 514 370 post
533 307 757 351 secundum
776 312 1032 364 compactum
1042 287 1170 349 >fuisse
1179 306 1232 357 ‚“;
1263 319 1387 361 qnam
1402 313 1489 366 qui.
1524 330 1528 340 ι
1607 369 1612 373 r

137 388 234 429 dem
251 388 523 443 conjecturam
543 383 666 424 etiam
695 381 847 437 Hugo
889 383 933 423 in
954 382 1208 423 Ptomtuario
1228 380 1338 436 juris
1368 382 1490 424 civiiis
1557 402 1561 424 1

137 459 322 514 (Civilist.
341 455 557 512 Magazin)
577 455 698 495 Tom.
716 453 784 495 lv.
802 468 844 510 p.
854 452 958 498 363.
978 458 1019 494 et
1036 452 1140 495 364.
1158 455 1340 508 sequitur
1356 454 1493 495 latius-
1535 472 1537 475 ·
