1755 3123
1462 236 1525 281 87

176 332 304 388 bitur,
334 319 425 389 qni,
456 333 556 388 qnid
572 333 661 374 illi
648 347 690 374 ιιι
713 334 791 395 isto
817 330 921 376 lib‘ro
944 336 1241 379 conscribendo
1257 340 1520 393 propositum

175 404 314 459 fuerit,
357 411 554 461 quatenus
582 419 633 446 ex
656 404 744 460 ejus
777 406 952 461 reliquiis
976 410 1170 475 cognosci
1194 412 1352 466 potest,
1384 423 1521 453 secum

150 513 158 517 -
173 478 459 533 reputaverit.
494 476 660 518 Scilicet
675 476 758 518 hoc
774 470 1028 534 potissimum
1046 481 1206 522 videtur
1221 487 1449 537 spectasse,
1477 491 1522 525 ut
1566 520 1568 522 ,

171 549 461 604 praetermissis
481 548 595 589 fere
584 548 654 600 1iS,
690 563 794 605 qnae
813 553 879 593 vel
899 551 984 593 ad
961 566 1033 607 Jus
1050 553 1233 607 gentium
1255 555 1520 609 pertinerent,

171 621 237 661 vel
252 634 305 661 ex
320 634 365 660 se
381 619 502 660 facile
517 620 850 676 intelligerentur,
885 636 934 665 ea
960 629 1138 674 tantum,
1173 621 1277 677 quae
1294 626 1400 681 juris
1423 628 1520 668 civi-

160 683 218 733 'lis
239 691 409 767 propria
436 696 477 731 'et
503 691 680 748 inprimis
705 702 846 738 notatu
874 696 999 752 dig-na
1021 701 1176 749 essent,
1208 710 1332 751 quam
1359 697 1518 739 brevis-
1576 710 1650 759 ss

169 757 270 804 sime
306 763 571 815 describeret,
626 781 717 826 quo
744 767 898 810 facilius
930 770 1126 810 memoria
1168 769 1297 825 teneri
1327 775 1517 823 possent,
1540 760 1583 787 ‘¹'

169 835 514 888 quemadmodum
531 839 650 879 etiam
679 824 1132 882 Uffiholznerus
1165 842 1206 881 in
1223 826 1466 881 Μιιεειιῖῤἢ
1394 831 1516 881 Βίιοέ

167 921 273 948 nano
298 907 419 950 Tom.
450 909 490 955 l.
519 910 636 953 Fasc.
671 910 712 952 l.
739 926 785 966 p.
812 912 915 953 136.
933 913 1106 968 judicat.
1136 935 1197 944 —
1239 913 1379 967 Atque
1411 912 1516 955 haec

106 972 112 977 ”
167 979 333 1032 quidem
355 980 408 1020 de
436 982 546 1022 initio
563 981 913 1038 Fragmentomm'
930 989 1172 1038 nostrorum.
1234 984 1332 1024 Jam
1358 983 1413 1023 ad
1442 997 1524 1025 ce--
1561 995 1563 997 ’

165 1055 274 1103 tera,
305 1065 410 1107 quae
430 1054 471 1094 in
490 1053 821 1110 disceptationem
843 1062 1023 1104 nostram
1047 1058 1214 1108 cadunt,
1245 1048 1481 1111 per'gamus.

286 1125 335 1165 ln
351 1126 492 1165 codice
509 1140 553 1180 p.
575 1126 667 1167 ‘191
681 1134 725 1156 ια
748 1130 774 1170 l.
795 1129 853 1169 12
871 1138 934 1161 -’-
953 1129 1025 1173 16.
1047 1130 1147 1183 (Tit.
1165 1130 1196 1169 Ι.
1223 1124 1299 1184 §§.
1316 1126 1360 1166 6.
1391 1133 1432 1167 et
1443 1127 1510 1181 Ἰ.)

97 1234 100 1237 ,
164 1197 219 1237 ita
246 1197 441 1253 scriptum
464 1197 633 1254 legitur:
664 1228 690 1253 ‚‚
703 1199 821 1242 Cives
848 1201 1025 1243 Romani
1050 1206 1139 1243 sunt
1165 1199 1319 1257 liberti,
1351 1199 1422 1253 qui
1448 1199 1513 1240 le-

162 1270 328 1325 gitimae
345 1284 465 1311 censu
483 1277 551 1311 aut
567 1277 805 1313 testamento
822 1275 935 1314 nullo
946 1274 1044 1328 jure
1057 1261 1320 1327 ‚impediente
1336 1271 1514 1312 vindicta

162 1343 489 1384 manumittuntur
518 1343 628 1398 apud
654 1346 935 1401 magistratum
944 1348 971 1369 ‘⁶
998 1349 1074 1385 etc.
1154 1344 1384 1396 Lacunam,
1432 1357 1515 1397 qua

160 1414 270 1455 hunc
294 1415 428 1455 locum
452 1415 716 1470 depravatum
735 1431 823 1458 esse
844 1417 1057 1458 manifesto
1076 1421 1267 1471 apparet,
1299 1417 1425 1470 vulgo
1453 1416 1512 1456 sic

161 1488 365 1542 expletam
393 1487 633 1528 invenimus:
665 1488 822 1541 „Cives
849 1490 1026 1530 Romani
1050 1494 1139 1529 sunt
1164 1487 1316 1538 liberti,
1348 1488 1418 1540 qni
1445 1487 1510 1528 le-

159 1556 300 1614 gitime
324 1560 537 1611 vindicta,
579 1574 701 1602 censu
728 1568 797 1603 aut
820 1565 1079 1611 testamento,
1118 1558 1229 1599 nullo
1247 1558 1346 1613 jure
1359 1559 1507 1614 'impe-

160 1632 316 1683 diente,
356 1633 604 1674 manumissi
628 1638 735 1674 sunt.
816 1632 1002 1673 Vindicta
1035 1631 1364 1672 manumittuntur
1394 1631 1508 1685 apud

157 1705 436 1760 magistratum
445 1708 470 1729 “
490 1709 565 1745 etc.
628 1704 697 1744 Ad
721 1705 956 1744 sententiam
981 1703 1148 1757 quidem
1171 1707 1312 1755 recte;
1342 1716 1508 1744 verum-

156 1782 292 1818 tamen
311 1776 394 1816 duo
421 1776 568 1816 suntin
591 1790 645 1827 ea·
657 1768 873 1832 supplendi
899 1777 1075 1828 ratione,
1107 1789 1214 1830 quae
1232 1774 1338 1838 *mihi
1365 1774 1510 1832 displi-

156 1854 268 1890 cent:
299 1853 385 1889 tum
402 1848 513 1901 quod
532 1849 715 1903 ponitur,
747 1850 953 1891 librarium
977 1849 1018 1889 in
1045 1849 1200 1889 eadem
1230 1848 1508 1889 enunciatione

155 1920 376 1963 admodum
394 1921 507 1961 brevi
526 1920 590 1963 bis
616 1922 683 1962 vel
698 1910 864 1964 diversis
882 1923 981 1963 locis
1005 1920 1156 1976 aliquid
1176 1921 1505 1976 praetermisisse,

117 2039 123 2045 ,
155 1993 198 2053 id
217 1993 330 2047 quod
346 2007 492 2049 parum
510 1995 726 2049 probabile
746 2000 825 2048 est,
855 2000 942 2035 tum
968 1995 1082 2049 quod
1107 1994 1213 2034 duae
1241 1994 1334 2034 illae
1360 1993 1506 2034 dictio-

154 2081 225 2107 nes
255 2094 281 2116 „
292 2066 486 2121 legitime
497 2068 523 2091 “
570 2074 612 2108 et
648 2068 799 2118 ,mullo
820 2065 923 2121 jure
953 2067 1244 2121 impediente“
1291 2079 1371 2105 non
1410 2066 1503 2105 satis

154 2138 371 2181 commode
386 2139 573 2180 videntur
590 2140 743 2182 eadem
767 2138 972 2181 sententia
995 2138 1235 2193 conjunctae
1258 2150 1357 2177 esse.
1418 2137 1504 2177 Aut

154 2213 262 2254 enim
285 2213 473 2253 alterutra
503 2226 804 2268 supervacanea
828 2217 910 2264 est,
950 2210 1281 2265 quandoquidem
1310 2208 1411 2250 nihil
1438 2209 1503 2251 le-

152 2273 306 2338 gitime
330 2285 420 2326 fieri
445 2290 601 2340 potest,
649 2287 723 2327 nisi
754 2283 865 2339 quod
892 2284 1008 2325 nullo
1025 2281 1130 2340 jure
1156 2283 1414 2339 impediente
1441 2282 1501 2334 fit,

153 2362 235 2409 aut,
260 2359 294 2397 si
327 2358 440 2411 quis,
482 2358 596 2410 quod
624 2359 819 2411 'equidem
843 2357 997 2410 probo,
1035 2357 1146 2411 prius
1175 2345 1419 2396 vocabulum
1445 2354 1501 2395 ad

152 2427 648 2471 modummanumittendi
673 2430 846 2481 referre,
895 2429 1064 2470 alteram
1092 2434 1225 2470 autem
1254 2426 1502 2468 locutionem

151 2499 207 2539 ita
232 2498 485 2554 interpretari
506 2503 637 2556 volet,
668 2507 713 2542 ut
731 2516 782 2543 ne
810 2502 1067 2543 manumissio
1095 2508 1234 2542 contra
1259 2501 1398 2554 legem
1423 2499 1499 2539 ali-

146 2583 275 2626 ·quam
307 2571 398 2626 fiat,
439 2590 521 2629 qua
548 2573 848 2617 manumittendi
874 2574 1034 2617 licentia
1059 2575 1236 2616 cohibita
1269 2572 1341 2625 sit,
1390 2576 1499 2614 certe

153 2644 401 2687 desideratur
441 2647 617 2703 aliquid,
659 2661 742 2705 quo
785 2647 1052 2703 significetur,
1094 2647 1195 2689 illud
1236 2677 1262 2701 ‚,
1273 2646 1465 2703 legitime
1473 2646 1499 2668 “
