1784 3123
1435 220 1496 263 n

148 320 263 376 qnod
293 321 368 364 sub
397 323 520 364 finem
548 317 667 363 tituli·
687 319 777 368 v11.
813 319 867 361 de
895 319 1041 362 causae
1073 320 1332 377 probatione
1349 324 1493 378 agitur,

147 387 321 448 eumque
348 395 486 435 locum
512 392 664 446 excipit
688 384 953 446 adoptionum
981 393 1210 449 explicatio.
1280 393 1332 434 ld
1358 399 1496 436 tamen

144 478 226 506 non
249 466 520 521 impediebat,
558 476 643 515 quo
677 463 806 504 niinus
830 464 874 504 iis
906 464 1096 505 codicum
1127 466 1495 521 manuscriptorum

145 538 306 593 paginis
320 569 333 591 ,
377 535 524 590 quibus
546 533 619 589 jus
653 533 806 576 dotium
835 535 1281 591 comprehendebatur,
1310 537 1494 579 rubrica:

143 606 252 661 „De
274 607 501 658 dotffiuff‘,
535 607 653 660 eique
679 608 874 663 paginae,
907 609 973 649 cui
996 607 1051 647 de
1080 607 1360 650 donationibus
1390 611 1494 651 inter

143 680 276 722 virum
298 685 340 719 et
365 691 533 718 uxorem
562 679 713 733 aliquid
733 680 976 736 adspersum
1006 684 1092 720 erat
1105 711 1116 733 ‚
1160 679 1343 721 rubrica:
1380 710 1407 733 „
1421 682 1494 724 De

134 749 241 806 jure
258 749 542 791 donationum
558 752 672 792 inter
689 753 831 793 virum
848 759 891 793 et
913 754 1135 802 uxorem“,
1157 735 1490 805 praeponeretur.

142 822 416 874 Posteaquam
435 835 532 863 vero
552 822 630 864 hae
654 824 840 864 rubricae
864 837 887 864 e
906 836 980 864 suo
993 823 1088 863 loco
1110 822 1290 863 dimotae
1332 829 1372 864 et
1405 837 1493 865 cer-

140 893 189 933 tis
207 892 349 946 titulis,
381 894 407 936 i.
432 908 467 935 e.
489 895 558 936 vl.
582 901 703 948 atque
731 895 833 944 vll„
859 895 1120 935 inscribendis
1149 895 1356 935 adhibitae
1386 901 1491 948 sunt,

138 977 219 1004 non
246 964 380 1018 potuit
408 980 489 1007 non
524 966 675 1021 duplex
712 966 899 1007 exsistere
929 966 1252 1018 incommodum,
1306 967 1490 1020 alterum,

139 1036 254 1090 quod
273 1043 446 1091 utroque
475 1038 557 1079 hoc
580 1040 696 1080 titulo
728 1042 934 1078 contextus
956 1039 1141 1079 orationis
1173 1040 1419 1094 interruptus
1448 1045 1490 1080 et

139 1121 259 1148 omne
287 1109 511 1162 vinculum,
555 1124 636 1163 quo
661 1116 838 1151 extrema
865 1109 966 1148 tituli
996 1109 1087 1149 Vll.
1114 1123 1208 1163 pars
1238 1124 1332 1150 cum
1359 1125 1486 1166 argu-

137 1185 273 1220 mento
288 1181 391 1232 tituli
408 1181 456 1221 V.
483 1183 751 1234 contineatur,
783 1181 1019 1221 dissolutum
1040 1186 1122 1229 est3
1155 1176 1338 1234 alterum,
1371 1183 1487 1236 quod

137 1252 258 1306 plura
278 1252 357 1291 alia
376 1252 492 1292 titulo
514 1253 602 1295 Vll.
626 1253 839 1308 subjuncta
867 1257 977 1303 sunt,
1008 1266 1115 1305 quae
1135 1252 1382 1306 inscriptioni
1403 1252 1489 1307 ejus

136 1323 300 1363 minime
322 1325 574 1365 conveniunt.
637 1325 842 1376 Quocirca
866 1337 948 1364 non
968 1324 1163 1363 assentior
1188 1323 1491 1365 Noordker-

136 1395 243 1446 kin,
274 1396 316 1435 in
346 1394 517 1436 observ.
552 1396 708 1437 Decad.
742 1410 777 1435 c.
802 1395 845 1436 Ἰ.
883 1389 1146 1448 existimanti,
1191 1409 1261 1446 ea,
1306 1409 1411 1449 quae
1435 1396 1489 1436 de

137 1481 281 1507 causae
310 1468 551 1521 probatione
576 1468 617 1507 in
640 1473 823 1507 extremo
860 1455 918 1506 tit.
944 1467 1033 1508 vll.
1058 1468 1334 1518 inveniuntur,
1389 1497 1415 1520 „
1428 1467 1487 1508 ab

134 1539 230 1594 ipso
266 1538 591 1579 Jurisconsulto
623 1538 724 1579 huic
757 1538 883 1579 titulo
900 1537 1047 1592 ¹sitisse
1072 1535 1306 1591 adjecta“‚·
1352 1552 1486 1591 quan·

135 1624 259 1665 quam
286 1611 524 1664 ceteroquin
548 1625 706 1664 rerum,
748 1624 852 1664 quae
883 1610 941 1651 tit.
973 1608 1010 1648 V
1039 1631 1092 1639 -
1125 1609 1213 1651 VII.
1250 1614 1484 1663 tractantur,

137 1684 441 1738 copulationem
472 1696 713 1735 causamque
743 1681 890 1721 ordinis
920 1680 972 1719 ab
1004 1680 1241 1735 Ulpiano
1282 1682 1486 1724 observati

132 1761 244 1796 recte
266 1756 334 1795 ille
352 1755 568 1808 perspexit.
605 1776 657 1783 -
692 1753 829 1806 Atque
855 1752 1000 1792 eadem
1022 1753 1176 1793 ratione
1207 1753 1328 1794 etiam
1354 1753 1411 1796 de
1427 1757 1486 1800 tit.

132 1826 300 1870 XXVII.
314 1825 585 1879 judicandum
612 1838 768 1866 censeo.
832 1824 952 1874 Quae
987 1824 1093 1864 enim
1117 1824 1199 1864 hoc
1229 1826 1343 1867 titulo
1369 1841 1486 1868 com·

124 1890 461 1952 'prehenduntur,
503 1911 553 1937 ea
581 1910 632 1937 ex
662 1896 883 1951 Ulpiani
921 1896 1099 1937 instituto
1131 1897 1338 1939 continua
1369 1900 1486 1943 serie

132 1970 186 2010 ad
207 1970 476 2024 legitimarum
499 1969 770 2010 hereditatum
798 1968 1087 2023 expositionem
1116 1983 1204 2010 sese
1227 1972 1493 2026 applicuisse,

134 2056 226 2083 cum
244 2056 295 2082 ex
314 2043 516 2097 prioribus
537 2043 690 2084 verbis:
722 2041 1032 2094 „Libertorum
1063 2041 1374 2085 intestatorum
1404 2045 1483 2086 he-

132 2115 306 2156 reditas
316 2117 340 2139 ‘⁶
371 2120 471 2167 etc.,
525 2130 629 2169 quae
670 2114 834 2168 quidem
862 2113 1112 2167 respondent
1142 2115 1343 2168 principio
1378 2116 1482 2159 tituli

130 2188 304 2228 xxm:
343 2186 699 2238 „Intestatorum
730 2187 1020 2241 ingenuorum
1050 2185 1323 2227 hereditates
1334 2189 1360 2212 ‘⁶
1389 2194 1482 2239 etc.,

131 2260 222 2301 satis
239 2259 504 2315 probabiliter
523 2260 661 2315 colligi
676 2259 819 2315 possit,
850 2263 935 2298 tum
956 2257 1083 2297 multo
1108 2258 1240 2312 magis
1267 2259 1335 2300 vel
1355 2274 1407 2302 ex
1432 2274 1482 2301 eo

130 2332 388 2386 intelligitur,
437 2331 549 2385 quod
584 2337 835 2386 postremum
864 2330 967 2370 illius
1005 2330 1109 2370 tituli
1146 2330 1286 2371 locum
1326 2333 1481 2373 obtinet

130 2410 398 2458 praeceptum
413 2404 534 2460 juris,
567 2403 680 2458 cujus
708 2405 767 2445 vis
797 2403 850 2444 ad
869 2415 989 2443 omne
1016 2402 1221 2458 legitimae
1246 2404 1478 2446 hereditatis

122 2475 218 2530 jus,
260 2489 310 2515 ex
338 2477 434 2532 lege
461 2476 679 2517 duodecim
710 2477 938 2516 tabularum
968 2475 1241 2528 descendens,
1290 2476 1481 2528 pertinet,

130 2547 196 2588 vel
228 2559 278 2587 ex
308 2560 379 2599 eo,
423 2549 536 2603 quod
560 2549 718 2604 plenior
744 2548 989 2602 uberiorque
1017 2547 1070 2588 de
1094 2548 1211 2587 bonis
1241 2547 1481 2591 libertorum

131 2619 348 2675 disputatio
369 2620 532 2674 ultimo,
564 2623 633 2675 qui
654 2626 860 2677 superest,
890 2619 1232 2675 Fragmentorum
1250 2627 1481 2663 nostrorum

1173 2691 1201 2732 2
