1784 3123
284 309 484 366 tingins
514 305 569 346 ad
596 303 707 345 hunc
746 302 965 360 Ulpiani
999 305 1136 347 locum
1162 304 1241 355 ait,
1278 307 1640 365 cmn'„mnsqffl..

283 382 384 424 dem
409 391 599 435 expresse
625 376 773 428 sancit,
812 379 1017 432 atvult“,
1047 378 1135 430 vel,
1166 376 1280 435 quod
1296 375 1575 436 addi-potest,
1603 382 1640 425 ‚i

284 452 499 501 sententia,
541 463 666 504 quam
695 451 761 491 lex
782 455 923 490 secuta
949 452 1021 504 sit,
1046 464 1131 493 non
1146 463 1245 492 vero
1259 450 1396 505 ipsum
1410 449 1500 504 eju·
1513 464 1641 506 pno-

284 529 450 579 ceptum
472 521 685 564 indicetur.
748 520 874 577 cajus
899 523 1113 565 locutionis
1132 523 1319 579 exempla
1334 520 1526 564 nonnulla
1544 524 1641 566 Cu·-
1725 550 1739 586 3,

280 595 457 654 incius
498 594 554 636 ad
592 594 884 651 Ulpianum
919 595 980 635 tit.
1000 595 1053 636 11.
1086 594 1131 653 ς.
1150 596 1193 638 4.
1221 596 1393 647 notavit,
1431 594 1641 650 inquibus

281 669 434 710 eminet
447 668 500 712 L.
522 665 601 709 25.
615 668 666 711 D.
684 668 736 709 de
752 673 856 709 statu
872 668 1028 709 liberis:
1067 668 1215 718 „Statu
1231 669 1382 714 liberos
1404 668 1642 712 venumda!

278 754 422 795 posse,
454 740 580 795 leges
598 740 816 781 duodecim
833 740 1063 782 tabularum
1073 743 1389 794 putaverunt.“
1449 740 1513 782 Ac
1534 740 1642 781 simi-

282 813 376 854 liter
404 812 526 853 etiam
541 811 815 868 Imperatores
833 817 1002 869 putare
1028 810 1215 852 dicuntur
1232 811 1275 853 in
1303 811 1354 855 L.
1375 810 1418 853 5.
1434 809 1478 870 §.
1497 811 1569 856 19.
1585 812 1642 857 l).

282 884 338 926 de
362 884 450 935 his,
492 897 600 937 quae
633 890 680 925 ut
702 885 878 940 indignis
903 885 1030 927 aufer.
1118 883 1218 924 Jam
1243 883 1286 923 iu
1313 883 1385 924 illo
1425 883 1642 938 Ulpiani

281 957 375 997 loco
396 955 430 996 si
448 969 571 997 causa
591 955 739 998 idonea
762 958 970 1009 subesset,
1001 969 1075 997 cur
1093 955 1263 997 verbum
1279 960 1443 1011 „putat
1452 958 1480 981 “
1501 968 1643 1012 suspe-

281 1033 394 1068 ctum
412 1027 619 1068 videretur
630 1057 643 1079 ‚
676 1029 785 1069 facili
804 1042 900 1070 sane
918 1029 1086 1084 negotio
1111 1032 1252 1083 posset
1270 1027 1310 1068 in
1317 1031 1450 1082 patet
1472 1028 1643 1077 mutari3

279 1100 366 1142 sed.
390 1100 502 1141 nulla
532 1101 755 1142 mutatione
794 1114 901 1156 opus
937 1114 1066 1155 esse,
1086 1114 1137 1142 ex
1163 1113 1287 1155 supra
1313 1099 1428 1140 dictis
1458 1104 1643 1155 apparet.

280 1172 444 1214 Deinde
480 1173 885 1215 Senatusconsultum
909 1173 1011 1213 illud
1044 1187 1071 1213 a
1104 1172 1178 1213 Ga
1179 1172 1241 1227 jo
1283 1177 1642 1213 commemoratum

281 1258 363 1285 non
390 1244 606 1286 commode
634 1245 787 1300 poterit
813 1244 868 1285 ad
897 1257 993 1284 eum
1022 1243 1244 1299 Ulpiani
1284 1244 1445 1295 locum,
1485 1243 1538 1285 de
1556 1256 1641 1299 quo

282 1317 559 1373 disputamus,
588 1317 745 1358 referri.
809 1318 1000 1372 Namque
1018 1331 1102 1358 non
1119 1315 1299 1358 definivit
1316 1317 1501 1369 omnino,
1539 1316 1640 1371 quid

279 1390 538 1441 efficeretur,
580 1389 614 1430 si
639 1390 806 1444 triginta
835 1403 1032 1430 annorum
1058 1390 1192 1431 minor
1216 1401 1355 1429 servus
1373 1389 1458 1430 sine
1473 1389 1641 1430 consilio

281 1460 349 1501 vel
364 1465 609 1501 testamento
629 1462 899 1503 manumissus
924 1467 1053 1512 esset,
1091 1461 1166 1516 (de
1197 1473 1280 1513 quo
1303 1460 1416 1514 apud
1446 1460 1641 1516 Ulpia-

280 1545 399 1574 num
440 1532 627 1587 agitur,)
671 1532 747 1572 sed
774 1533 901 1573 vetuit
928 1538 1083 1573 tantum
1096 1561 1108 1583 ‚
1152 1531 1351 1587 ejusmodi
1369 1545 1642 1573 servum-eum

278 1604 467 1646 libertate
482 1603 681 1645 heredem
697 1605 862 1645 institui.
927 1604 1178 1646 Gravissima
1193 1608 1349 1654 autem,
1381 1616 1486 1656 quae
1502 1604 1607 1644 zim
1617 1627 1642 1638 -

278 1676 477 1719 mernii
518 1676 777 1734 conjecturae
812 1676 975 1718 obstare
1004 1677 1189 1729 videtur,
1243 1675 1346 1716 ratio
1369 1674 1409 1717 in
1434 1688 1486 1717 eo
1508 1675 1642 1732 posita

281 1755 369 1801 est,
401 1749 516 1803 quod
530 1749 620 1805 ipsa
638 1749 706 1789 lex
735 1750 890 1790 Aelia
914 1751 1106 1792 Sentia
1136 1748 1357 1791 minoribus
1377 1748 1545 1803 triginta
1566 1762 1642 1790 an-

278 1834 428 1863 norum
443 1825 684 1862 testamento
700 1822 950 1864 manumissis
967 1829 1121 1865 certam
1140 1823 1248 1864 viam
1268 1818 1559 1875 adipiscendae
1578 1820 1639 1861 ei—

279 1895 412 1936 vitatis
431 1895 646 1935 Romanae
664 1895 847 1948 aperuit,
887 1909 912 1934 a
943 1897 1040 1951 Gaj
1052 1910 1078 1937 o
1108 1896 1141 1937 l.
1173 1892 1216 1952 §.
1233 1891 1306 1934 29.
1339 1892 1532 1942 relatam3
1575 1897 1640 1933 at·-

280 1966 352 2020 qui
367 1965 562 2007 hocfieri
582 1978 666 2006 non
681 1965 898 2020 potuisset,
928 1966 1005 2007 nisi
1026 1966 1171 2007 eadem
1196 1966 1286 2020 ipsa
1300 1963 1367 2003 lex
1381 1963 1535 2019 (neque
1557 1964 1639 2020 igi-

279 2044 348 2079 tur
367 2037 772 2079 senatusconsultum
796 2038 1050 2092 posteriu5,)
1088 2039 1263 2093 perinde
1288 2054 1358 2082 eos
1385 2039 1530 2080 haberi
1540 2037 1637 2092 jus-

277 2111 411 2162 sisset,
452 2115 577 2164 atque
604 2109 637 2150 si
662 2109 814 2150 domini
838 2110 1044 2151 voluntate
1068 2111 1109 2151 in
1133 2111 1318 2154 libertate
1348 2116 1503 2159 essent;
1533 2121 1637 2162 quos

276 2182 445 2236 quidem
471 2186 618 2239 postea
645 2182 743 2238 lege
785 2181 818 2224 J
828 2183 949 2224 unia
995 2183 1163 2225 Latinos
1188 2184 1318 2226 factos
1343 2198 1433 2227 esse
1466 2186 1635 2227 constat.

275 2254 463 2306 Etenim,
512 2261 558 2295 ut
583 2255 885 2309 praetereundo
911 2255 955 2295 id
984 2268 1195 2310 moneam,
1217 2281 1220 2285 ›
1244 2257 1383 2313 legem
1428 2254 1459 2295 J
1466 2253 1636 2294 uni'am

274 2327 544 2382 posteriorem
561 2340 650 2368 esse
666 2327 761 2383 lege
785 2328 936 2370 Aelia
967 2328 998 2370 S
1009 2329 1175 2381 entia,
1206 2336 1345 2371 nostra
1360 2333 1492 2369 aetate
1508 2325 1635 2383 inpri-

274 2400 350 2440 mis
383 2399 712 2454 Hollwegius
740 2400 793 2441 de
812 2415 958 2442 causae
976 2403 1218 2457 probatione
1241 2417 1286 2457 p.
1307 2399 1552 2442 78-100,
1569 2403 1635 2439 nt·

277 2485 357 2524 que
390 2471 620 2512 Gansius
651 2471 693 2512 in
715 2472 889 2516 Scholiis
918 2474 973 2515 ad
1003 2474 1191 2531 Gajum
1224 2488 1266 2530 p.
1288 2472 1504 2516 (io-⁹61.
1530 2471 1634 2512 ube-

277 2543 358 2583 rius
380 2543 720 2587 demonstrarunt.
741 2568 804 2577 -—
862 2548 1112 2589 Examinatis
1125 2548 1248 2602 igitur
1267 2547 1440 2588 aliorum
1464 2545 1519 2584 de
1537 2553 1632 2581 oot-

277 2619 402 2669 rupta
418 2615 494 2656 ista
509 2617 712 2673 scriptura
731 2619 1007 2670 ,‚‘caesar2's“
1024 2619 1294 2674 opinionibus,
1317 2614 1538 2678 dicendum
1556 2614 1631 2661 “S‘’
