1784 3123
1412 233 1471 278 11

119 334 203 364 nm
226 322 324 365 item
348 330 582 379 sequentes,
628 329 773 381 utpote
801 341 908 382 quae
924 328 980 370 ad
1000 341 1137 372 rerum
1156 337 1384 377 amotarum
1401 351 1472 379 ao*

118 394 289 450 tionem‚
328 397 627 453 stipulationem
649 397 902 452 tribuniciam
924 407 1048 456 atque
1087 418 1232 448 causae
1258 409 1474 463 probatio—

117 455 210 508 nem
229 450 425 524 spectant.
482 469 682 523 Accedit,
715 475 825 526 quod
840 476 915 517 iste
939 475 1096 528 titulus,
1134 479 1295 522 mediae
1323 483 1476 524 scilicet

116 541 382 583 retentionum
398 552 449 582 ex
467 540 565 583 dote
584 544 836 600 explicationi
847 548 1088 601 inculcatus,
1107 556 1338 596 contextum
1351 556 1473 614 hujus

114 613 175 652 rei
194 612 458 667 interrumpit.
509 614 607 656 Jam
621 620 731 670 quod
749 621 802 661 ad
819 622 923 662 tituli
943 621 1016 664 IX.
1037 627 1160 674 atque
1175 623 1226 666 X.
1245 625 1473 682 inscriptio·-

114 682 363 734 nesattinet,
403 696 573 738 quarum
593 689 705 744 prior
730 692 788 733 ita
821 692 1044 741 sefhabet:
1084 693 1187 748 „De
1204 694 1296 748 his,
1318 695 1410 754 'qui
1427 700 1473 742 in

111 766 248 793 manu
270 759 429 808 wnt‚“
458 761 658 813 posterior
675 777 773 805 vero
791 766 868 806 sic:
899 765 1019 822 „Qui
1038 766 1083 807 ἱη
1094 774 1323 822 potestate
1344 785 1471 813 man—

111 823 277 889 ιῄιὶους
303 833 427 882 sunt,
468 834 835 886 quemadmodum
870 851 920 878 eo
934 826 1043 892 jure
1077 838 1379 895 liberentur,“
1417 859 1470 886 ne

108 894 153 935 id
170 898 336 950 quidem
356 915 545 957 urgeam,
577 908 690 960 quod
707 909 775 948 illa
792 910 1023 964 inscriptio,
1055 927 1289 968 quanquam
1313 916 1367 956 ad
1387 915 1468 972 se-

108 968 254 1013 minas
287 977 441 1015 tantum
470 976 613 1019 referri
647 985 806 1036 potest,
849 982 907 1025 ita
953 990 1188 1041 comparata
1225 993 1309 1042 est,
1351 991 1467 1046 quasi

107 1055 258 1085 mares
288 1060 452 1100 quoque
492 1053 796 1106 complectatur.
893 1055 962 1096 Fit
995 1059 1102 1098 enim
1135 1061 1363 1113 interdum3
1418 1071 1465 1105 ut

106 1119 264 1156 veteres
301 1124 485 1161 auctores
526 1121 567 1162 in
608 1125 944 1168 enimciationibus
983 1132 1209 1185 generatim
1240 1136 1463 1190 conceptis,

106 1186 260 1227 etiamsi
283 1189 338 1229 ad
355 1190 556 1245 feminas
587 1199 743 1238 tantum
773 1200 1025 1253 pertineant,
1055 1209 1193 1244 tamen
1217 1208 1465 1248 masculino

105 1270 260 1311 genere
276 1266 461 1316 utantur,
492 1266 602 1307 velut
616 1267 880 1324 Ulpianus
901 1279 1038 1313 noster
1054 1274 1101 1328 in*
1116 1275 1167 1316 L.
1185 1274 1258 1317 ll.
1280 1274 1322 1334 §.
1349 1276 1390 1318 3.
1411 1279 1463 1322 D.

107 1324 161 1371 de
193 1331 279 1386 his,
318 1336 388 1388 q‘ui
421 1342 606 1379 notantur
632 1340 795 1385 infam.:
834 1344 916 1395 „Si
947 1345 1078 1400 qm'8“
1110 1347 1190 1401 (ex
1209 1349 1301 1390 lect.
1322 1350 1463 1408 Flor.)

101 1418 239 1459 „ergo
258 1414 355 1461 post
375 1407 606 1451 huiusmodi
627 1414 777 1454 exitum
798 1415 953 1456 mariti
983 1424 1166 1474 nuptum
1190 1435 1239 1462 se
1267 1424 1462 1465 colloca·
1538 1463 1542 1469 .

101 1476 273 1528 verit,“
314 1485 416 1530 etc.;
456 1496 579 1535 quam
611 1484 667 1525 ob
696 1500 859 1528 causam
884 1502 965 1529 non
990 1504 1093 1544 opus
1122 1492 1302 1546 videtur,
1347 1491 1458 1538 istud

100 1549 246 1603 „quam
269 1552 415 1591 mutari
435 1553 477 1592 in
496 1567 663 1608 „quae‚
678 1559 704 1580 ‘⁶
727 1558 841 1598 sicuti
861 1560 1114 1601 Schultin
1128 1563 1218 1617 gio
1248 1565 1291 1605 in
1309 1572 1392 1607 not.
1415 1568 1457 1609 2.
1503 1614 1506 1617 ,

101 1620 155 1660 ad
173 1619 284 1662 hunc
302 1622 459 1665 titulum
478 1626 650 1681 placuit,
678 1630 742 1669 cui
763 1631 926 1682 quidem
952 1631 1034 1673 Me
1046 1647 1282 1679 ermanus
1304 1640 1348 1680 in
1366 1641 1459 1682 edi-

97 1691 539 1750 tionesuaUlpiani,
558 1698 720 1739 Herm.
737 1700 1161 1757 Cannegieterus
1176 1699 1218 1748 in
1237 1708 1455 1758 Observat.
1494 1729 1496 1731 ·

89 1762 175 1817 jur.
189 1764 309 1807 Rom.
328 1780 371 1819 p.
393 1767 496 1808 361.
515 1774 637 1823 atque
649 1770 800 1826 Hugo
825 1773 865 1813 in
877 1774 1057 1817 Historia
1065 1778 1150 1832 jur.
1164 1781 1284 1822 Rom.
1294 1799 1339 1838 p.
1351 1785 1454 1827 136.

96 1830 192 1874 edit.
205 1835 256 1875 X.
266 1838 412 1877 assensi
430 1845 533 1879 sunt.
572 1841 630 1881 At
646 1842 746 1883 illud
758 1857 839 1885 non
857 1851 992 1900 potest
1008 1862 1090 1889 non
1105 1850 1327 1907 offendere,
1339 1858 1453 1910 quod

95 1905 136 1946 in
151 1906 276 1947 altera
286 1907 544 1965 inscriptione
563 1927 714 1968 earum,
728 1930 832 1970 quae
844 1918 885 1958 in
901 1933 1036 1961 manu
1054 1922 1141 1975 sint,
1155 1925 1265 1966 nulla
1277 1936 1452 1982 ‘prorsus

94 1979 391 2034 rationabatur,
405 1990 543 2025 contra
554 1999 652 2028 vero
665 1990 873 2044 mancipii
889 1993 1041 2033 mentio
1060 1995 1119 2045 fit,
1145 2010 1239 2038 cum
1250 2004 1386 2042 tamen
1398 2003 1451 2044 de

94 2051 153 2104 iis,
171 2052 296 2105 quiin
312 2069 432 2096 causa
447 2059 636 2115 mancipii
654 2061 730 2102 sint
741 2093 754 2115 ‚
783 2062 1158 2108 inantecedentibus
1177 2070 1449 2126 Fragmentu-

93 2137 185 2165 rum
200 2130 427 2168 nostrorum
442 2132 642 2185 capitibus
654 2134 753 2174 nihil
769 2134 989 2188 quidquam
1009 2139 1199 2181 traditum
1213 2142 1447 2187 inveniatur.

93 2195 255 2248 Quodsi
274 2199 360 2253 quis
377 2199 532 2256 dixerit,
549 2210 690 2260 totum,
704 2207 774 2260 qui
792 2207 844 2247 ad
863 2221 933 2248 eos
950 2213 1206 2265 spectaverit,
1222 2216 1448 2272 articulum,

92 2268 195 2310 inter
220 2270 293 2312 lx.
315 2272 463 2314 scilicet
501 2282 543 2316 et
570 2277 621 2319 X.
653 2277 994 2335 Fragmentorum
1027 2290 1258 2328 nostrorum
1287 2289 1447 2332 titulum

93 2341 190 2382 olim
208 2345 471 2398 collocatum,
491 2346 749 2405 intercidisse,
769 2366 848 2393 non
866 2357 1108 2412 repugnabo
1127 2361 1340 2413 equidem;
1370 2377 1443 2405 ve-

91 2420 317 2460 rumtamen
348 2419 428 2461 hac
452 2421 604 2463 ratione
631 2437 713 2466 non
737 2433 967 2470 removetur
994 2429 1096 2473 illud
1125 2432 1442 2491 incommodum,

92 2489 206 2542 quod
230 2490 272 2531 in
291 2496 638 2546 praetermissione
659 2513 819 2554 earum,
862 2517 969 2557 quae
991 2505 1032 2545 in
1052 2519 1186 2548 manu
1211 2513 1315 2559 sunt,
1348 2524 1441 2552 cer-

90 2563 206 2604 nitur·
227 2607 229 2609 ,
268 2564 430 2610 Etenim
448 2570 490 2611 in
510 2572 756 2629 exponendis
784 2575 935 2631 modis,
966 2579 1112 2632 quibus
1138 2580 1224 2634 quis
1254 2582 1317 2623 sui
1334 2582 1439 2639 juris

91 2637 183 2691 fiat,
213 2638 496 2696 Ulpianum
527 2648 645 2688 etiam
673 2648 727 2689 de
760 2649 937 2703 feminis,
977 2666 1083 2707 quae
1115 2653 1159 2695 in
1184 2668 1306 2698 manu
1334 2663 1435 2709 sunt,
