1784 3123
279 306 362 354 set,
393 301 537 343 nullius
553 297 750 339 momenti
769 303 876 339 esset
895 312 946 340 ea
962 299 1174 352 institutio,
1204 299 1260 340 ita
1277 300 1322 340 'ut
1348 299 1553 348 hereditas
1580 307 1638 349 ad

278 374 511 414 substitutos
529 370 846 424 transferretur,
887 371 990 413 sicut
1015 385 1066 413 ex
1092 370 1347 414 Cicerone
1373 370 1419 411 in
1457 371 1637 421 Verrem

277 446 309 486 1.
334 459 368 487 c.
386 443 446 484 41
459 441 605 484 -43.
632 444 877 499 intelligitur.
937 445 1078 498 Atque
1091 444 1197 486 haec
1215 442 1381 499 quidem
1395 441 1463 484 lex
1479 445 1546 485 vel
1569 448 1637 489 id-

277 517 386 557 circo
404 516 564 557 videtur
577 517 671 557 loco
691 516 933 571 Ulpiani,
964 530 1089 569 quem
1105 523 1335 573 tractamus,
1366 516 1520 572 optime
1540 530 1641 560 con-2

275 590 435 642 venire,
466 595 554 631 tum
573 590 666 644 quia
683 594 866 644 tempus,
900 601 981 641 quo
996 588 1077 628 lata
1098 595 1179 642 est,
1211 604 1294 631 non
1318 589 1487 630 multum
1517 588 1640 632 distat

276 677 301 703 a
319 668 508 718 tempore
532 662 717 702 conditae
746 667 786 702 et
813 661 914 716 legis
937 659 1151 714 Furiae,
1184 676 1267 715 quo
1295 663 1482 718 exemplo
1507 663 1638 703 minus

276 748 401 788 quam
414 735 622 790 perfectae
640 735 742 789 legis
760 721 1015 788 Ulpianus
1043 732 1190 783 utitur,
1225 738 1266 772 et
1279 734 1382 789 legis
1405 735 1638 792 Cinciae,

276 807 331 847 ad
351 821 473 860 quam
499 821 595 848 mox
618 807 921 862 perveniemus,
960 811 1049 846 tum
1075 804 1168 860 quia
1188 818 1328 847 omnes
1348 807 1428 848 hae
1445 808 1559 863 leges
1585 807 1640 849 ad

278 878 538 919 liberalitates
561 880 801 934 spectabant
813 909 825 930 ‚
856 884 902 919 ut
918 883 1098 930 taceam,
1131 890 1199 918 eas
1217 877 1371 933 pariter
1388 880 1431 919 in
1445 880 1648 937 plebisci-b

275 956 412 991 torum
429 965 599 993 numero
619 966 720 994 esse.
784 952 871 993 Sed
895 952 1044 992 frustra
1061 964 1148 992 esse
1170 963 1339 1000 censeo,
1372 951 1406 990 si
1430 951 1519 1003 quis
1544 952 1641 993 velit

278 1024 470 1063 curiosius
496 1024 536 1063 in
562 1037 654 1062 eam
674 1037 763 1063 rem
784 1023 1007 1077 inquirere,
1035 1035 1132 1071 ,cum
1157 1022 1257 1062 certi
1284 1021 1527 1076 quidquam,
1565 1023 1641 1064 nisi

274 1094 434 1150 plenior
457 1095 681 1135 inveniatur
699 1094 916 1149 Ulpiani
948 1095 1102 1148 codex,
1136 1095 1221 1135 erui
1236 1108 1317 1135 non
1342 1096 1493 1150 possit3
1525 1108 1641 1136 eam-

276 1181 358 1220 que
387 1168 517 1222 ipsam
549 1167 604 1207 ob
644 1180 809 1206 causam
851 1167 1137 1221 vituperandus
1171 1166 1330 1207 videtur
1370 1166 1640 1221 Cujacius,

276 1239 391 1293 quod
408 1240 451 1279 in
472 1238 663 1295 eligendo
682 1239 891 1294 perfectae
915 1238 1019 1293 legis
1041 1239 1230 1293 exemplo
1255 1240 1347 1293 plus
1360 1269 1372 1291 ,
1412 1253 1535 1293 quam
1563 1251 1640 1294 par

276 1317 361 1360 est,
393 1312 559 1351 arbitrio
587 1324 660 1350 suo
687 1311 917 1359 indulserit;
959 1311 1306 1364 quemadmodum
1338 1312 1459 1351 etiam
1484 1312 1639 1352 Savi-

273 1384 388 1423 nius
411 1384 452 1423 in
479 1382 787 1424 Commentariis
797 1382 1143 1438 jurisprudentiae
1168 1383 1382 1440 historicae
1399 1382 1640 1424 Berolinen-
1668 1385 1673 1388 '

275 1454 383 1494 sibus
425 1453 692 1507 (zeitschrift
731 1456 797 1496 fiir
827 1455 1148 1511 geschichtliche
1179 1454 1639 1509 Rechtswissenschaft)

273 1527 396 1568 Tom.
415 1526 484 1567 IV.
504 1541 546 1582 p.
568 1528 638 1568 22.
660 1535 756 1569 nota
774 1528 846 1569 38.
856 1528 1028 1583 judicat.
1092 1527 1199 1568 lllud
1217 1534 1370 1580 autem,
1403 1527 1515 1581 quod
1530 1527 1641 1568 idem

275 1599 527 1655 Cujacius
564 1602 703 1657 legem
733 1601 976 1643 Cinciam
1007 1600 1180 1655 conjecit
1230 1601 1284 1642 ab
1324 1601 1552 1655 Ulpiano
1586 1600 1641 1641 ad

218 1692 220 1694 ·
273 1672 560 1727 imperfectam
586 1674 723 1728 legem
760 1673 949 1728 exemplo
981 1672 1261 1713 illustrandam
1283 1672 1507 1713 adhibitam
1535 1685 1640 1724 esse,

274 1750 320 1786 ut
352 1746 535 1800 plurimis
570 1745 662 1785 viris
693 1745 822 1785 doctis
858 1745 1010 1797 arrisit,
1062 1746 1118 1785 ita
1151 1745 1251 1785 mihi
1280 1758 1445 1798 quoque
1475 1745 1640 1784 omnino

275 1816 631 1873 comprobandum
657 1817 837 1868 videtur,
891 1824 1014 1871 atque
1055 1818 1182 1859 hodie
1217 1818 1507 1859 vaticanorum
1521 1816 1640 1878 ’juris

273 1890 450 1930 Romani
465 1889 810 1945 Fragmentorum
829 1890 1030 1930 beneficio
1052 1891 1139 1931 fere
1158 1896 1270 1930 extra
1292 1902 1454 1930 omnem
1475 1888 1639 1929 dubita-

275 1963 431 2003 tionem
450 1963 632 2016 positum
649 1966 731 2009 est;
763 1960 876 2012 quod
908 1960 1072 2012 quidem
1095 1961 1256 2016 longius
1288 1961 1500 2016 persequi,
1532 1945 1639 2015 quoss

274 2035 382 2076 niam
399 2035 540 2091 plures
562 2038 701 2074 nostra
719 2033 850 2073 aetate
875 2032 985 2072 hunc
1012 2033 1148 2073 locum
1172 2035 1382 2089 praeclare
1413 2039 1638 2089 pertexue-

273 2114 377 2159 runt,
396 2109 517 2148 facile
537 2106 806 2161 supersedere
825 2118 1006 2159 possum.
1056 2106 1322 2148 Nihilominus
1340 2114 1477 2147 tamen
1494 2105 1638 2145 etiam-

275 2192 381 2219 nunc
403 2179 556 2234 Hugo
595 2179 638 2218 in
663 2178 843 2219 Historia
864 2177 948 2232 jur.
974 2177 1096 2220 Rom.
1121 2193 1164 2234 p.
1192 2178 1296 2224 349.
1329 2192 1414 2233 seq.
1446 2177 1498 2217 de
1532 2174 1636 2230 legis

275 2250 494 2291 Cinciae
520 2252 723 2291 mentione
742 2252 782 2291 in
807 2251 884 2290 isto
921 2249 1136 2304 Ulpiani
1159 2253 1252 2293 loco
1272 2252 1379 2292 facta
1401 2248 1637 2296 addubitat3

273 2322 348 2363 sed
364 2322 541 2362 rationes
564 2322 774 2363 dubitandi
792 2323 844 2362 ab
864 2336 914 2362 eo
943 2322 1086 2377 allatae
1115 2323 1228 2363 haud
1254 2324 1358 2373 scio,
1391 2335 1442 2361 an
1470 2319 1637 2361 refutari

271 2395 450 2449 possint,
483 2393 526 2433 id
545 2394 657 2447 quod
686 2395 726 2435 in
746 2395 1158 2436 Commentationibus
1181 2395 1281 2435 meis
1301 2393 1353 2434 de
1369 2393 1535 2434 historia
1550 2392 1634 2448 jur.

272 2467 393 2509 Rom.
422 2482 465 2523 p.
499 2465 662 2525 1⁰1?-
674 2465 776 2510 103.
815 2469 975 2511 tentavi.
1057 2468 1196 2521 Atque
1225 2467 1346 2507 etiam
1384 2466 1635 2508 Zimmer-

271 2539 384 2579 nius
406 2540 588 2581 nondum
606 2554 769 2581 omnem
786 2542 944 2582 videtur
963 2541 1255 2581 dubitationem
1267 2539 1477 2595 abjecisse,
1499 2534 1635 2591 quoad

272 2625 324 2654 ex
339 2612 660 2667 interrogationis
679 2613 797 2668 signo
818 2614 921 2670 legis
942 2611 1153 2655 Cinciae
1172 2600 1541 2655 commemorationi
1556 2606 1633 2652 ad‘-
