1784 3123
140 345 242 386 viter
262 357 352 384 eam
368 356 460 384 cum
483 333 665 397 genuinis
697 337 795 394 Gaj
802 339 816 379 i
845 339 1159 381 Institutionibus
1182 342 1488 394 comparaverit,

139 417 379 472 praeterire3
419 419 542 466 atque
565 411 608 452 in
639 414 804 466 promtu
830 416 888 452 est
904 423 1048 463 causa,
1081 425 1153 452 cur
1170 411 1369 452 Breviarii
1384 411 1488 454 illius

141 490 429 544 compositores
452 484 587 524 titulos
614 483 850 524 intexuerint
889 483 1009 538 Gaji
1038 484 1350 525 Institutionibus
1363 515 1375 536 ,
1408 498 1494 537 quo

139 562 270 616 magis
288 558 474 600 videficet
489 555 544 596 ad
558 555 730 609 reliquas
747 554 832 610 ejus
848 555 1044 597 Breviarii
1059 562 1196 610 partes
1219 557 1339 597 titulis
1360 570 1493 611 aeque
1552 569 1555 570 ’

138 633 342 687 insignitas
364 627 648 674 convenirent„
693 628 781 668 Nec
799 642 896 668 vero
914 628 1007 682 plus
1029 627 1129 667 mihi
1146 629 1300 682 negotii
1316 629 1492 681 facessit,

139 703 252 758 quod
270 703 311 742 in
325 701 442 754 Lege
457 699 644 740 Romana
660 698 999 756 Burgundionum
1025 699 1083 742 tit.
1105 699 1176 751 V.‚
1210 713 1331 753 quem
1357 701 1493 742 locum

134 774 228 828 jam
250 785 373 826 supra
398 773 535 827 tetigi,
577 772 651 813 Ga
654 772 701 827 ji
742 773 877 812 titulus
906 777 1247 813 commemoratur
1264 771 1378 812 hisce
1398 786 1493 813 ver-

137 845 221 885 bis:
252 844 518 896 „secundum
550 845 759 899 regulam
792 842 925 898 Gajz·
955 843 1036 885 sub
1066 844 1192 886 titulo
1222 845 1280 885 de
1305 843 1494 900 injuria-

136 928 240 956 rum
258 916 470 957 actione.⁶‘
530 917 718 969 Namque
736 916 791 955 ad
806 916 1076 956 Institutiones
1110 916 1208 971 Gaj
1220 917 1233 957 i
1263 917 1332 958 hic
1359 918 1494 957 titulus

137 1001 219 1029 non
233 988 429 1041 refertur,
460 1002 534 1029 nec
554 1002 667 1041 sane,
699 1001 804 1042 quae
824 1001 874 1028 ex
891 1001 941 1028 eo
959 988 1242 1043 proponuntur
1258 990 1406 1042 verba,
1438 990 1495 1030 ita

137 1061 384 1114 respondent
401 1062 458 1112 iis,
476 1074 580 1113 quae
597 1062 639 1100 in
659 1061 734 1100 Ga
735 1060 781 1115 j'i
811 1061 979 1102 Institut.
998 1060 1223 1101 Comment.
1241 1062 1311 1102 111.
1331 1060 1373 1119 δ.
1387 1061 1490 1101 224.

137 1133 347 1188 leguntur,
379 1138 425 1173 ut
450 1133 501 1172 ab
533 1132 615 1173 hoc
641 1134 732 1187 ipso
764 1133 868 1173 libro
889 1133 957 1173 illa
973 1134 1146 1188 repetita
1173 1148 1260 1175 esse
1293 1134 1492 1189 suspicari

136 1204 268 1244 liceat.
334 1204 598 1258 Quapropter
617 1218 698 1244 non
716 1205 868 1255 dubito,
900 1206 995 1256 quin
1016 1207 1081 1245 alii
1097 1208 1201 1245 libro
1240 1206 1316 1245 Ga
1318 1206 1366 1259 ji
1384 1206 1492 1257 (for-

137 1280 246 1316 tasse
273 1275 377 1316 libro
403 1275 456 1316 ad
480 1276 673 1317 Edictum
695 1278 893 1332 praetoris
912 1278 1074 1328 urbani,
1106 1291 1230 1329 quem
1247 1290 1298 1316 ex
1313 1276 1492 1330 Digestis

138 1353 392 1401 compertum
413 1348 610 1388 habemus
647 1349 687 1388 in
720 1349 855 1388 titulos
877 1348 1107 1388 distinctum
1123 1349 1289 1401 fuisse,)
1335 1348 1494 1387 titulum

137 1418 257 1459 istum
274 1419 395 1459 tribui
413 1425 620 1474 oporteat3
651 1434 730 1460 nec
757 1419 1055 1460 assentiendum
1077 1426 1178 1475 puto
1209 1419 1492 1471 Barkovio,

96 1532 99 1533 γ
137 1491 264 1544 quiin
284 1491 459 1532 editione
471 1492 596 1547 Legis
611 1492 714 1532 illius
730 1492 857 1533 verba
873 1492 996 1547 paulo
1014 1498 1105 1533 ante
1123 1493 1242 1532 allata
1258 1492 1310 1532 ab
1329 1497 1493 1532 antece-

138 1564 323 1604 dentibus
347 1565 517 1618 sejunxit
549 1571 590 1605 et
614 1566 668 1604 ad
693 1566 901 1618 sequentia
922 1567 1072 1615 retulit,
1118 1566 1275 1617 quippe
1293 1577 1398 1616 quae
1414 1565 1494 1617 ipsi

137 1636 223 1676 visa
244 1641 335 1677 sunt
354 1650 447 1677 cum
465 1637 511 1677 iis
531 1637 758 1689 convenire,
780 1650 883 1690 quae
916 1634 990 1674 Ga
990 1634 1050 1690 ju
1063 1649 1080 1675 s
1112 1636 1153 1675 in
1173 1630 1343 1677 In'stitut.
1364 1635 1494 1676 Com-

136 1715 260 1749 ment.
276 1710 347 1749 ΠΙ.
366 1707 409 1764 §.
423 1707 527 1749 225.
547 1711 731 1762 disputat.
766 1712 769 1718 ’
793 1708 955 1746 Etenim
971 1713 1016 1747 ut
1038 1713 1207 1759 taceam,
1226 1709 1495 1762 perexiguum

138 1794 227 1821 esse
247 1780 452 1832 utriusque
470 1780 550 1820 loci
568 1792 819 1832 consensum,
850 1779 953 1819 illud
967 1780 1140 1821 maidme
1159 1781 1196 1821 ei
1217 1781 1361 1833 obstat,
1383 1780 1496 1834 quod

135 1853 176 1892 in
200 1852 318 1905 Lege
343 1852 530 1891 Romana
553 1853 891 1905 Burgundionum
920 1851 1119 1905 ejusmodi
1151 1853 1295 1903 verba,
1344 1854 1493 1904 quibus

138 1923 331 1965 sententia
341 1923 615 1964 Jureconsulti
632 1922 800 1978 alicujus
817 1922 871 1962 ad
891 1923 1162 1964 testimonium
1178 1929 1366 1976 vocatur,
1399 1924 1493 1978 (ve-

137 1997 209 2037 luti
225 1996 492 2047 „secundum
512 1997 772 2036 sententiam
803 1996 995 2047 Pauli,
1008 1998 1034 2019 ‘⁶
1065 1997 1162 2049 etc.)
1182 2010 1262 2036 non
1290 1998 1493 2051 praemitti

137 2073 360 2124 praecepto
373 2067 500 2122 juris,
533 2069 597 2109 cui
612 2067 826 2123 probando
845 2067 1084 2119 inserviant,
1117 2068 1190 2108 sed
1208 2069 1399 2124 subjungi
1417 2082 1492 2109 so-

137 2141 242 2193 lent,
283 2139 647 2192 (quemadmodum
682 2155 732 2182 ex
759 2142 848 2195 ipso
875 2140 932 2180 tit.
958 2140 1007 2180 V.
1034 2140 1075 2180 in
1111 2142 1192 2180 fine
1226 2141 1492 2194 pluribusque

137 2214 223 2253 aliis
250 2212 370 2263 locis,
410 2209 521 2252 velut
546 2214 603 2255 tit.
619 2213 710 2265 1V.‚
748 2213 804 2252 tit.
834 2212 903 2251 IX.
929 2212 971 2251 in
994 2213 1095 2266 fine⁷
1137 2213 1194 2252 tit.
1221 2212 1354 2263 XIII„
1385 2211 1492 2264 XV.,

137 2285 230 2326 XX.
249 2283 527 2338 intelligitur;)
567 2285 692 2339 idque
711 2282 840 2325 insslo
867 2283 980 2337 loeo,
1013 2298 1136 2338 quem
1154 2289 1395 2336 tractamus,
1427 2284 1493 2324 vel

138 2356 291 2397 idcirco
327 2357 416 2397 fieri
445 2355 645 2409 debebat,
688 2358 782 2410 quia
810 2357 985 2409 alioquin
1013 2357 1160 2397 vocula
1187 2356 1354 2409 „enim“
1377 2356 1491 2396 nimis

139 2427 262 2481 longe
289 2442 314 2468 a
338 2429 535 2484 principio
561 2430 847 2470 enunciationis
876 2428 1170 2481 dimoveretur,
1210 2427 1494 2482 („Secun‹lum

139 2500 323 2556 regulam
349 2501 469 2558 Gaji
500 2502 574 2543 sub
592 2501 707 2543 titulo
729 2501 782 2542 de
797 2501 1030 2557 injuriarum
1046 2503 1203 2543 actione
1218 2501 1360 2556 injuria
1380 2500 1495 2542 enim

139 2574 273 2630 gravis
293 2576 388 2613 est“
408 2577 534 2629 etc.‚)
567 2574 679 2629 quod
699 2575 862 2628 quidem
888 2575 986 2616 ferri
1008 2576 1160 2629 nequit.
1192 2596 1254 2604 -—
1314 2574 1365 2614 ln
1394 2571 1493 2615 Ul-

138 2647 281 2701 piani
328 2653 462 2689 autem
486 2648 761 2703 fragmentis,
811 2654 856 2691 ut
887 2650 941 2692 ad
966 2650 1070 2692 haec
1102 2654 1374 2701 revertamur,
1421 2648 1491 2701 qui

1772 229 1784 300 „2—
