1784 3123
354 223 388 265 4

351 327 523 384 privati
554 338 768 367 summam
792 319 1017 381 complexo
1040 326 1264 368 conveniat.
1324 325 1471 378 Neque
1503 339 1601 367 vero
1626 340 1716 368 ma-

357 401 423 455 gis
444 399 558 439 alteri
578 398 756 437 assentiri
773 411 939 452 possum
959 404 1213 453 argumento.
1257 398 1448 440 Lacunae
1471 396 1577 436 enim
1593 399 1716 440 aliae-

344 486 439 525 sque
456 463 769 525 perturbationis
787 476 828 510 et
846 470 1089 524 confusionis
1113 467 1254 523 notae,
1287 471 1431 524 quibus
1449 467 1610 508 codices
1628 483 1718 510 ma·-

357 541 552 596 nuscripti
571 540 783 596 depravati
802 556 888 582 esse
905 542 1054 593 solent,
1086 556 1171 583 non
1202 543 1333 584 solum
1354 543 1400 583 iis
1416 542 1456 582 in
1483 540 1581 580 locis
1597 539 1717 581 inve-

355 615 540 664 niuntur,
565 614 638 653 ubi
659 615 762 653 liber
780 613 919 666 aliquis
938 614 1004 653 vel
1023 614 1162 667 incipit
1182 616 1249 654 vel
1266 616 1401 655 finitur
1413 645 1425 666 ‚
1450 625 1591 654 verum
1603 611 1715 652 haud

355 700 452 726 raro
482 687 604 726 etiam
623 686 805 726 medium
821 686 911 726 libri
934 686 1098 737 alicuius
1118 692 1353 726 contextum
1378 687 1496 726 variis
1516 686 1568 725 de
1589 685 1718 725 causis

357 758 629 812 irrepserunt3
655 757 765 797 unde
792 757 984 809 sequitur,
1010 763 1067 808 ut,
1091 758 1124 796 si
1145 758 1186 796 in
1206 758 1389 810 pluribus
1410 758 1562 797 codicis
1586 757 1718 796 cuius-

358 829 456 870 dam
471 830 568 870 locis
588 829 787 870 eiusmodi
805 830 921 869 labes
946 829 1303 885 deprehendantur
1316 861 1327 882 ,
1361 844 1412 871 ex
1429 843 1480 870 eo
1499 830 1586 870 solo
1599 860 1611 881 ‚
1643 829 1718 871 nisi

357 903 434 941 alia
454 903 695 941 accesserint
714 901 862 940 indicia
880 903 1071 950 certiora,
1103 914 1184 940 non
1201 903 1333 954 possit
1360 902 1413 941 de
1441 903 1717 955 compluribus

357 974 509 1029 operis,
541 973 655 1028 quod
676 972 818 1013 codice
835 972 906 1013 illo
938 973 1183 1025 continetur,
1215 973 1326 1014 libris
1343 973 1490 1014 idonea
1515 973 1718 1018 coniectu-

355 1046 529 1099 ra·capi.
603 1046 797 1095 Accedit,
855 1046 967 1098 quod
1005 1060 1057 1085 ne
1090 1047 1304 1086 verisimile
1345 1046 1511 1098 quidem
1548 1052 1627 1096 est,
1669 1060 1719 1085 eo

354 1116 696 1171 Fragmentorum
715 1122 947 1158 nostrorum
969 1117 1082 1169 loco,
1116 1117 1186 1157 ubi
1206 1102 1384 1158 secunda
1402 1117 1627 1172 systematis
1649 1117 1719 1157 In—

357 1190 609 1228 stitutionum
633 1204 727 1243 pars
741 1220 752 1239 ,
795 1190 910 1241 quod
935 1189 1012 1228 Jus
1043 1190 1200 1228 Rerum
1225 1190 1386 1241 dicunt,
1425 1190 1587 1243 incipit,
1635 1190 1660 1231 i.
1683 1203 1717 1228 e.

276 1263 296 1278 f‘
356 1260 561 1315 principio
581 1261 683 1301 tituli
701 1261 832 1313 xlx„
865 1260 1089 1315 quidquam
1116 1260 1278 1314 deesse,
1310 1261 1655 1315 quemadmodum
1677 1262 1719 1302 in

360 1333 781 1373 commentationibus
801 1334 900 1372 meis
920 1334 973 1372 de
992 1334 1159 1373 historia
1186 1335 1259 1372 iur.
1286 1334 1408 1373 Rom.
1440 1349 1483 1387 p.
1513 1334 1616 1374 362.
1643 1335 1718 1374 de-

356 1409 584 1444 monstrare
616 1408 782 1443 conatus
811 1417 924 1452 sum3
965 1418 1040 1444 nec
1069 1405 1199 1459 magis
1229 1405 1356 1444 ullum
1390 1410 1518 1446 exstat
1549 1407 1719 1446 lacunae

356 1476 571 1529 vestigium
594 1489 645 1514 eo
663 1475 765 1524 loci,
798 1489 903 1527 quo,
935 1476 1134 1528 siquidem
1153 1490 1203 1516 ex
1218 1477 1400 1530 pluribus
1430 1478 1539 1518 libris
1568 1478 1721 1517 consti-

356 1547 495 1586 tissent
510 1545 590 1585 hae
608 1544 831 1599 Ulpiani
850 1546 1063 1599 reliquiae,
1095 1547 1380 1602 probabiliter,
1412 1547 1466 1587 ad
1487 1548 1719 1603 exemplum

356 1619 654 1658 Institutionum
682 1618 759 1656 Ga
763 1617 833 1670 ji,
882 1620 1085 1658 secundus
1111 1620 1214 1659 liber
1254 1620 1404 1658 exitum
1431 1626 1552 1672 atque
1579 1621 1718 1659 tertius

357 1689 513 1729 initium
535 1688 765 1742 habuisset,
805 1689 829 1728 i.
849 1703 882 1730 e.
910 1695 1093 1730 extremo
1121 1691 1238 1731 titulo
1258 1691 1388 1732 XXV.
1419 1697 1541 1745 atque
1558 1692 1718 1732 ineunte

356 1763 415 1802 tit.
455 1761 605 1801 XXVI.
697 1761 808 1801 Tum
843 1763 1060 1815 suspicioni
1102 1764 1160 1803 illi
1201 1764 1376 1818 plurium
1410 1765 1605 1806 librorum
1637 1764 1719 1806 hoc

280 1854 301 1888 ,ζ
316 1854 319 1858 v
335 1852 339 1856 ¹
356 1838 482 1887 quam
499 1834 674 1873 maxime
695 1834 853 1884 obstat,
898 1835 1011 1886 quod
1038 1836 1079 1875 in
1107 1836 1248 1876 codice
1277 1837 1720 1890 Fragmentorum'no-

356 1912 535 1946 strorum
553 1906 711 1946 numeri
729 1905 938 1945 titulorum
958 1906 1163 1946 continua
1183 1907 1298 1946 serie
1314 1907 1564 1959 procedunt,
1597 1920 1733 1963 quam-

322 1968 570 2032 J'profecto,
612 1979 644 2017 si
669 1989 752 2029 quo
778 1978 871 2016 loco
899 1990 1027 2017 novus
1053 1978 1157 2017 liber
1185 1990 1297 2017 orsus
1328 1984 1453 2030 esset,
1475 1978 1719 2031 ,interrumpi

314 2042 321 2088 ᾗ
357 2049 578 2104 oportebat
595 2054 637 2089 et
656 2048 791 2089 denuo
808 2048 1000 2090 inchoari.
1066 2050 1155 2090 Nec
1173 2049 1347 2103 denique
1364 2051 1441 2091 alia
1457 2056 1717 2105 praetereun-

298 2141 303 2144 ⁴
355 2121 413 2165 da
436 2127 497 2161 est
517 2121 756 2172 difficultas,
790 2135 870 2174 qua
888 2123 1120 2177 opinioista
1137 2123 1375 2177 implicatur.
1437 2124 1600 2164 Etenim
1624 2122 1716 2162 Re-
1781 2146 1784 2150 -

357 2193 573 2254 gujfflym
588 2207 739 2233 nomen
756 2193 847 2247 ipse
864 2193 1020 2249 Hugo
1041 2195 1081 2235 in
1098 2195 1276 2235 Historia
1292 2194 1375 2249 jur.
1407 2196 1530 2236 Rom.
1547 2196 1574 2236 l.
1592 2209 1626 2235 c.
1651 2194 1716 2234 fa—

360 2270 470 2304 tetur
499 2265 757 2319 Fragmentis
789 2265 932 2305 nostris
962 2267 1067 2306 bene
1093 2280 1329 2321 congruere.
1393 2268 1480 2307 Iam
1507 2279 1606 2306 vero
1627 2266 1716 2306 duo

358 2341 518 2376 tantum
540 2337 724 2376 novimus
739 2336 949 2390 Ulpiani
967 2352 1094 2392 opera
1106 2339 1359 2394 Regularum
1385 2339 1548 2379 nomine
1572 2338 1715 2379 inscri-

359 2415 443 2463 pta,
466 2409 616 2449 librum
635 2409 885 2463 singularem
907 2416 947 2450 et
958 2411 1081 2451 libros
1103 2419 1260 2467 septem
1268 2413 1534 2467 Regularum.
1567 2411 1714 2462 Quod-

359 2482 393 2521 si
419 2481 471 2521 ad
496 2481 575 2522 hos
595 2480 843 2536 Fragmenta
873 2487 1009 2522 nostra
1035 2483 1210 2534 referre,
1244 2482 1590 2538 quemadmodum
1608 2484 1713 2525 vidi-

357 2565 469 2603 mus,
498 2553 711 2604 nonlicet,
744 2553 798 2593 ad
817 2553 931 2595 illum
948 2559 1083 2595 autem
1115 2556 1275 2596 dubitat
1294 2557 1355 2596 vir
1384 2545 1637 2597 doctissimus
1666 2568 1714 2594 ea

356 2623 534 2674 referre,
563 2637 729 2665 necesse
749 2625 828 2680 ipsi
850 2624 947 2678 erit,
985 2626 1062 2666 nisi
1088 2640 1113 2666 a
1134 2627 1386 2683 Regularum
1408 2629 1563 2669 ratione
1590 2639 1713 2682 pror-
