1784 3123
349 192 414 238 84

349 303 437 341 tum
454 301 751 345 matrimonium
771 303 846 347 dos
866 316 1030 365 apati-e.
1043 312 1130 369 ejus
1155 317 1390 372 petebatur,
1421 323 1622 376 siquidem
1641 327 1706 370 frei

348 373 512 413 uxoriae
528 372 663 413 fuerat
682 376 809 430 actio,
839 391 924 420 non
939 389 1102 437 poterat
1121 388 1228 430 solus
1255 395 1374 446 pater
1399 393 1485 434 sine
1508 402 1705 442 consensu
1778 434 1781 436 μ

348 444 455 484 filiae
480 457 578 496 suae
604 449 762 503 agere,
788 468 832 492 ea
852 469 864 494 ε
972 485 988 496 .
1015 459 1128 510 quod
1158 468 1347 504 numerat
1375 465 1494 507 inex
1513 467 1703 522 stip-inu

346 515 518 557 actione.
569 516 634 557 lbi
653 521 760 561 enim
778 526 818 582 et
832 524 941 565 solus
959 528 1161 572 actionem
1175 532 1365 590 habebat,
1378 537 1584 594 consensu
1595 540 1703 587 filiae

344 599 426 627 non
444 595 681 644 exspectato
695 594 722 631 ‘,‘
742 599 817 635 etc.
872 597 937 637 At
954 606 1097 641 contra
1113 617 1163 644 ea
1190 607 1426 663 Ulpiani
1465 612 1702 666 verbffi‘m'd

345 663 454 710 quae
487 659 594 704 Pet.
630 662 805 706 Faber
842 673 882 709 et
913 668 1072 726 Hugo
1106 675 1215 717 istud
1237 681 1332 729 „rei
1345 682 1701 746 woriaffi‘refea-

343 730 518 772 rendum
542 738 755 788 putarunt,
789 751 872 778 non
901 741 1054 784 debent
1086 744 1140 786 de
1169 749 1254 788 sola
1279 753 1340 792 rei
1358 756 1523 796 uxoriae
1543 758 1700 799 actione

343 800 527 857 intelligi.
599 803 763 847 Etenim
788 809 822 849 si
848 813 910 853 sui
929 813 1033 869 juris
1062 823 1148 858 erat
1175 819 1341 875 mulier,
1364 823 1490 867 haud
1510 827 1632 870 dubie
1648 843 1700 871 ex

342 873 534 927 stipulatu
556 889 690 930 aeque
717 893 766 920 ac
793 883 853 923 rei
878 888 1041 929 uxoriae
1069 890 1268 932 actionem
1283 893 1373 948 ipsa
1391 896 1592 954 habebat,
1625 903 1699 943 nisi

339 943 445 985 forte
463 945 519 997 is,
563 948 632 1001 qui
660 949 799 992 dotem
828 954 1019 1011 dederat,
1049 967 1094 1002 ut
1113 962 1187 1003 sibi
1203 965 1461 1020 redderetur,
1489 971 1697 1026 stipulatus

338 1015 465 1066 esset,
493 1032 576 1071 qua
604 1020 657 1063 de
681 1037 728 1064 re
755 1025 807 1067 cf.
823 1027 873 1068 L.
895 1030 936 1070 2.
961 1046 1025 1087 pr.
1040 1033 1091 1074 L.
1112 1034 1184 1076 22.
1201 1033 1243 1092 §.
1266 1036 1308 1079 5.
1329 1045 1370 1093 et
1399 1041 1448 1084 L.
1467 1041 1538 1086 34.
1558 1044 1609 1085 D.
1627 1059 1697 1085 so·-

335 1088 422 1128 luto
440 1091 639 1142 matrim,
672 1093 722 1135 L.
745 1095 817 1138 71.
841 1099 892 1143 D.
918 1102 971 1143 de
992 1106 1174 1147 eviction.
1202 1114 1243 1148 et
1264 1109 1314 1152 L.
1331 1110 1404 1153 43.
1440 1110 1483 1170 ὃ.
1507 1114 1547 1156 1.
1570 1116 1623 1158 D.
1642 1117 1695 1160 de

327 1158 424 1213 jure
466 1161 549 1203 dot.
615 1164 882 1224 Quapropter
914 1174 955 1214 in
998 1175 1068 1215 illo
1101 1178 1317 1235 Ulpiani
1350 1184 1444 1226 loco
1471 1189 1696 1241 generatim

336 1234 554 1286 oportebat
588 1235 641 1277 de
680 1241 837 1283 actione
879 1244 933 1285 ad
972 1245 1112 1289 dotem
1146 1249 1419 1307 'repetendam
1460 1265 1693 1314 comparata

335 1304 584 1346 mentionem
613 1308 721 1362 fieri,
756 1319 802 1354 ut
826 1316 881 1356 ad
907 1319 1108 1361 actionem
1135 1337 1186 1364 ex
1211 1325 1400 1381 stipulatu
1429 1344 1512 1372 non
1546 1333 1689 1388 minus,

335 1389 460 1428 quam
493 1377 552 1418 rei
590 1383 755 1423 uxoriae
796 1389 997 1432 actionem
1035 1396 1270 1448 pertineret.
1299 1422 1363 1431 —
1427 1402 1621 1446 Ceterum
1639 1419 1691 1449 eo

331 1447 506 1498 inclino,
551 1455 597 1489 ut
633 1466 686 1493 ex
712 1457 909 1512 scriptura
941 1464 1091 1506 codicis
1118 1468 1207 1518 „Id
1234 1472 1260 1510 ὁ
1288 1471 1392 1514 dotis
1417 1477 1691 1531 repetitione“

331 1519 531 1562 efficiam:
570 1522 636 1563 ad
653 1523 759 1567 dotis
776 1532 1082 1587 repetitionem,
1109 1540 1194 1581 vel:
1231 1542 1289 1583 de
1314 1544 1418 1585 dotis
1435 1549 1689 1603 repetitione,

331 1590 453 1646 (sicut
466 1593 507 1632 in
532 1593 582 1634 L.
614 1592 689 1636 55.
715 1597 767 1640 D.
795 1602 930 1644 soluto
955 1608 1127 1650 matrim.
1163 1611 1358 1670 dicitur,)
1393 1631 1486 1658 cum
1510 1619 1688 1676 vulgaris

329 1663 451 1704 lectio
479 1665 551 1716 „id
577 1669 665 1708 est“
693 1675 896 1716 contextui
928 1679 1131 1734 orationis,
1161 1698 1245 1738 quo
1277 1689 1382 1729 actio
1407 1695 1574 1745 tantum,
1606 1707 1688 1735 non

329 1735 429 1774 >vero
462 1737 582 1777 etiam
607 1753 760 1783 nomen
792 1744 880 1800 ejus
920 1744 1284 1812 commemoratur,
1345 1774 1501 1816 parum.
1533 1777 1686 1809 conve-

327 1804 417 1847 nire
448 1808 645 1856 videatur.
1663 1866 1668 1875 .

452 1879 620 1922 Morum
645 1888 775 1928 mariti
792 1893 1092 1944 puniendorum
1111 1901 1215 1941 ratio
1232 1915 1277 1957 p.
1291 1903 1382 1945 193
1392 1902 1438 1934 boe
1454 1907 1480 1949 l.
1497 1906 1527 1947 6
1538 1908 1682 1952 —l4.

329 1949 408 2004 (tit.
431 1951 501 1992 vl.
520 1950 563 2009 §.
585 1954 678 2010 13.)
699 1959 756 1998 sic
779 1960 1037 2009 describitur:
1067 1971 1234 2021 „Mariti
1253 1989 1387 2018 mores
1404 1981 1624 2033 puniuntur
1638 1985 1682 2025 in

325 2035 375 2061 ea
395 2023 563 2075 quidem
579 2026 697 2080 dote,
731 2045 836 2084 quae
855 2050 880 2075 a
898 2036 965 2078 die
982 2040 1103 2081 reddi
1122 2043 1257 2096 debet,
1288 2048 1343 2089 ita
1363 2058 1533 2108 propter
1547 2055 1681 2109 majo-

321 2108 386 2134 res
401 2109 537 2137 mores
552 2108 808 2153 praesentem
829 2107 968 2151 dotem
986 2114 1179 2168 reddat,
1218 2127 1389 2175 propter
1417 2126 1590 2166 minores
1615 2141 1680 2168 se-

319 2179 418 2206 num
435 2181 620 2211 mensum
639 2172 718 2214 die.
781 2177 828 2218 In
845 2194 895 2220 ea
913 2189 1059 2238 autem,
1092 2202 1198 2241 quae
1217 2204 1410 2245 praesens
1429 2197 1547 2238 reddi
1562 2198 1676 2252 solet,

319 2241 477 2279 tantum
502 2254 553 2282 ex
576 2243 773 2289 fructibus
791 2250 963 2305 jubetur
984 2258 1179 2314 reddere,
1223 2272 1415 2317 quantum
1436 2268 1477 2308 in
1495 2269 1563 2309 illa
1579 2270 1675 2313 dote

320 2310 613 2365 quadriennio
630 2319 834 2374 redditur,
867 2333 1118 2383 repen-satio
1138 2334 1247 2378 facit.
1258 2340 1284 2362 ‘⁴
1347 2330 1473 2391 Quod
1487 2342 1540 2383 ad
1559 2345 1674 2399 prio.—

316 2397 405 2424 rem
425 2383 548 2440 hujus
566 2392 707 2445 capitis
723 2404 886 2450 partem
904 2393 1064 2458 attinet,
1095 2408 1198 2449 inter
1215 2411 1341 2451 verba
1358 2413 1447 2463 „ita
1465 2438 1519 2456 .—
1538 2431 1671 2473 prop-

315 2460 377 2495 ter
388 2459 413 2480 ‘⁶
429 2457 679 2505 intercidisse
698 2469 871 2512 arbitror
889 2477 1096 2519 voculam:
1133 2486 1194 2533 ut,
1219 2496 1302 2535 qua
1324 2484 1488 2537 quidem
1504 2495 1671 2544 recepta

316 2533 358 2568 et
378 2533 511 2586 aptius
531 2537 660 2579 oratio
678 2540 925 2599 cohaerebit,
958 2555 1000 2590 et
1017 2565 1137 2593 causa
1153 2553 1194 2594 in
1208 2562 1374 2609 promtu
1394 2565 1455 2600 est
1470 2560 1668 2614 conjunc.-

314 2599 383 2640 tivi
405 2633 430 2655 „
444 2608 615 2652 reddat
628 2613 674 2664 “‚
705 2613 747 2655 in
767 2616 882 2673 cujus
901 2615 1038 2664 locum
1055 2624 1230 2668 editores
1257 2628 1517 2674 indicativum
1539 2632 1665 2689 vulgo
