1784 3123
223 197 331 253 ‘58

266 318 474 371 quaeritur
487 345 499 367 ‚
544 315 754 368 quomodo
794 328 878 371 ego
914 310 1127 356 lectionem
1158 308 1279 355 is'ta'm
1312 309 1464 357 codicis
1500 317 1623 360 nostri
1692 346 1695 352 -

267 385 563 432 emendandam
592 392 759 443 putem,
798 383 977 443 ingenue
990 387 1147 440 fateor,
1179 399 1246 440 me
1266 384 1488 437 haesitare3
1519 395 1624 432 atta-

265 477 359 504 men
384 460 616 515 perieulum
640 460 873 501 faciendum
902 466 976 503 est.
1050 460 1258 500 Facillima
1284 455 1451 511 quidem
1467 460 1625 500 videtui·

265 531 508 575 emendandi
531 532 657 586 ratio,
689 533 722 574 si
744 531 825 572 leni
850 531 1069 573 verborum
1089 531 1325 589 trajectione
1352 529 1534 573 adhibita
1553 530 1624 573 'le-

263 620 438 662 gamus:
481 619 595 660 quae
618 606 677 646 sit
706 605 843 659 vulgo
875 609 945 645 ter
975 604 1118 646 enixa.
1216 604 1343 655 Quod
1378 604 1486 644 enim
1519 604 1625 644 inter

262 677 475 734 „vulgo“
506 683 547 717 et
564 706 589 728 „
599 675 731 717 enixa
741 676 767 699 “
798 688 923 716 unum
950 674 1197 715 vocabulum
1228 707 1255 730 „
1269 677 1373 718 ter“
1401 673 1624 728 intercedit,

263 750 309 791 id
324 763 408 791 non
423 752 558 804 potest
579 746 814 802 offendere,
847 760 896 788 ac
917 747 1042 788 simile
1064 746 1213 798 habet,
1250 762 1333 801 quo
1352 749 1624 803 confirmetuig

267 822 499 876 exemplum
522 820 564 859 in
580 819 630 860 L.
649 819 692 861 4.
709 816 752 876 δ.
774 819 816 860 2.
838 819 891 860 D.
916 819 968 860 de
993 819 1110 874 grad.
1135 824 1176 860 et
1195 819 1331 861 amm:
1363 851 1410 873 ‚‚.
1428 851 1438 861 .
1519 833 1624 874 quae

264 907 342 950 per
378 891 573 932 feminam
608 889 819 933 descendit
834 924 846 946 ,
897 905 1001 945 quae
1041 892 1177 948 vulgo
1218 890 1380 934 liberos
1399 893 1586 948 peperit.
1600 894 1626 917 ‘⁴

264 965 557 1005 verumtamen
583 970 768 1006 remanet
803 964 1000 1005 dubitatio
1028 965 1125 1018 ista,
1157 977 1255 1004 num
1277 965 1480 1005 veteribus
1499 965 1624 1005 Jure·

264 1036 455 1077 consultis
475 1036 619 1077 usitata
645 1037 767 1077 fuerit
796 1037 967 1078 locutio:
998 1038 1134 1092 vulgo
1163 1037 1277 1078 eniti.
1340 1036 1454 1087 Quid
1471 1037 1625 1091 igitur?

261 1108 408 1148 licetne
426 1108 614 1163 forsitan,
646 1109 731 1149 sine
747 1109 832 1148 ulla
849 1110 1070 1149 verborum
1086 1107 1337 1164 trajectione,
1368 1122 1420 1149 ex
1435 1108 1626 1164 „vulgffi‘

263 1180 429 1221 efficere
448 1180 536 1221 vel:
567 1181 792 1236 vulgaris,
824 1180 928 1234 (quo
949 1180 1115 1233 quidem
1135 1181 1262 1221 verbo
1279 1181 1332 1221 ad
1353 1180 1625 1222 denotandam
1699 1201 1703 1204 «

263 1266 369 1305 eam,
400 1266 506 1305 quae
527 1266 702 1306 corpore
724 1259 937 1306 quaestum
960 1253 1069 1303 facit,
1101 1252 1358 1307 Ulpianus
1378 1255 1500 1295 utitur
1520 1254 1561 1293 in
1573 1254 1621 1294 L.

264 1323 337 1364 13.
357 1321 400 1380 δ.
418 1323 460 1363 2.
479 1324 529 1364 D.
542 1323 596 1363 ad
608 1324 688 1379 leg.
708 1324 792 1365 Jul.
810 1325 862 1365 de
875 1324 1021 1378 adult.)
1040 1324 1127 1364 vel:
1158 1324 1292 1380 virgo
1326 1325 1460 1379 (quae
1487 1325 1537 1365 sit
1562 1330 1624 1365 ter

262 1395 430 1450 enixa)?
460 1395 570 1435 Huic
586 1396 754 1450 quidem
763 1397 1019 1453 conjecturae
1029 1396 1251 1452 praevideo
1274 1397 1386 1451 fore,
1407 1397 1475 1452 qui
1491 1410 1624 1452 oppo-

259 1474 357 1507 nant
369 1497 381 1517 ‚
411 1468 625 1517 feminam,
659 1482 766 1518 quae
783 1468 914 1507 virum
931 1482 1052 1519 passa
1068 1474 1188 1519 atque
1205 1471 1320 1508 enixa
1335 1471 1384 1519 sit
1395 1500 1407 1521 ‚
1438 1483 1521 1507 non
1538 1482 1625 1507 am-

259 1538 365 1595 plius
393 1536 614 1594 virginem
639 1538 840 1594 appellari
867 1552 1015 1593 posse3
1060 1538 1133 1580 sed
1158 1539 1365 1581 audiamus
1385 1539 1624 1581 Servium

263 1612 319 1652 ad
340 1612 525 1665 virgil.
545 1611 651 1652 Aen.
679 1611 750 1650 XI.
784 1625 889 1651 vers.
919 1609 1024 1650 687.
1066 1611 1171 1651 haec
1196 1605 1424 1652 notantem:
1477 1612 1631 1665 „Usus

265 1683 459 1736 obtinuit,
499 1687 545 1723 ut
570 1682 757 1738 innuptas
788 1683 963 1739 virgines
976 1713 988 1736 ,
1028 1688 1173 1739 nuptas
1204 1685 1393 1725 mulieres
1421 1697 1623 1727 vocemus,

263 1758 373 1798 Nam
396 1755 512 1811 apud
535 1755 711 1810 majores
728 1755 967 1796 indiscrete
986 1755 1119 1810 virgo
1140 1756 1350 1797 dicebatur
1380 1761 1421 1797 et
1444 1757 1602 1797 mulier
1610 1773 1626 1805 ‚-

262 1834 480 1882 utrumque
497 1827 605 1868 enim
630 1841 770 1868 sexum
786 1833 940 1868 tantum
957 1828 1223 1882 significabat,
1249 1833 1295 1869 ut
1311 1842 1408 1870 ecce
1430 1828 1511 1869 hoc
1530 1829 1624 1870 loco

262 1902 384 1942 dicit:
417 1900 558 1941 armis
583 1900 888 1948 muliebribus,
915 1914 1009 1938 cum
1033 1900 1246 1939 Camillam
1270 1902 1480 1955 innuptam
1502 1903 1624 1942 fuisse

261 1972 523 2014 manifestum
541 1970 600 2011 sit.
665 1971 768 2012 Item
791 1971 832 2010 in
856 1970 1060 2011 Bucolicis
1080 1970 1273 2025 legimus:
1308 1971 1383 2012 Ah
1401 1973 1531 2030 virgo
1556 1973 1623 2013 in-

250 2045 398 2101 felix,
427 2057 518 2084 cum
537 2044 770 2098 Pasiphaen
789 2049 948 2084 constet
966 2057 1021 2083 ex
1035 2043 1184 2084 Minoe
1210 2050 1301 2084 ante
1319 2059 1500 2085 amorem
1521 2046 1621 2084 tauri

246 2117 380 2175 filios
413 2115 668 2171 suscepisse.
749 2116 963 2156 Terentius
996 2115 1036 2155 in
1058 2116 1226 2171 Hecyra
1254 2118 1373 2158 etiam
1398 2117 1623 2158 mulierem

254 2195 361 2246 post
386 2195 574 2245 partum
603 2188 824 2243 virginem
855 2193 995 2229 vocat:

451 2260 571 2303 Nam
600 2261 752 2302 vitium
783 2267 851 2304 est
882 2260 1078 2303 oblatum
1115 2261 1283 2318 virgini
1314 2261 1417 2303 olim
1457 2259 1514 2302 ab
1544 2275 1620 2303 ne-

571 2333 663 2374 scio
697 2347 780 2388 quo
812 2332 1062 2390 improbo.“

259 2409 348 2448 Nec
389 2418 490 2447 vero
529 2410 744 2460 poetarum
786 2413 942 2448 tantum
982 2407 1065 2447 hoc
1100 2407 1314 2461 proprium
1353 2409 1432 2458 est,
1479 2409 1524 2445 ut
1566 2395 1620 2444 ad

259 2478 443 2519 vitiatas
475 2490 641 2531 quoque
667 2478 836 2519 feminas
853 2478 1043 2533 virginis
1063 2491 1213 2517 nomen
1236 2477 1451 2529 referatur,
1478 2487 1620 2516 verum

262 2550 382 2590 etiam
408 2550 522 2605 apud
549 2550 750 2605 pedestris
776 2550 963 2591 orationis
993 2550 1211 2603 scriptores
1242 2550 1456 2600 interdum,
1487 2539 1627 2601 quan*

263 2636 387 2677 quam
411 2624 559 2676 rarius,
600 2621 801 2679 ejusmodi
832 2622 1082 2664 inveniuntur
1116 2623 1304 2677 exempla
1318 2652 1330 2674 ,
1369 2622 1480 2663 velut
1507 2618 1619 2674 apud
