<?xml version="1.0" encoding="UTF-8"?>
<!DOCTYPE html PUBLIC "-//W3C//DTD XHTML 1.0 Transitional//EN"
    "http://www.w3.org/TR/xhtml1/DTD/xhtml1-transitional.dtd">
<html xmlns="http://www.w3.org/1999/xhtml" xml:lang="en" lang="en">
 <head>
  <title>
</title>
<meta http-equiv="Content-Type" content="text/html;charset=utf-8" />
  <meta name='ocr-system' content='tesseract 3.04.00' />
  <meta name='ocr-capabilities' content='ocr_page ocr_carea ocr_par ocr_line ocrx_word'/>
</head>
<body>
  <div class='ocr_page' id='page_1' title='image "4737353_0046.png"; bbox 0 0 1755 3123; ppageno 0'>
   <div class='ocr_carea' id='block_1_1' title="bbox 1559 204 1565 231">
    <p class='ocr_par' dir='ltr' id='par_1_1' title="bbox 1559 204 1565 231">
     <span class='ocr_line' id='line_1_1' title="bbox 1559 204 1565 231; baseline 0 0"><span class='ocrx_word' id='word_1_1' title='bbox 1559 204 1565 231; x_wconf 73' lang='lat' dir='ltr'><strong>l</strong></span> 
     </span>
    </p>
   </div>
   <div class='ocr_carea' id='block_1_2' title="bbox 135 324 1537 1034">
    <p class='ocr_par' dir='ltr' id='par_1_2' title="bbox 135 324 1537 1034">
     <span class='ocr_line' id='line_1_2' title="bbox 163 324 1509 385; baseline 0.004 -17"><span class='ocrx_word' id='word_1_2' title='bbox 163 330 314 374; x_wconf 68' lang='lat' dir='ltr'><strong>tumet</strong></span> <span class='ocrx_word' id='word_1_3' title='bbox 331 332 499 370; x_wconf 84' lang='lat' dir='ltr'><strong>uxorem</strong></span> <span class='ocrx_word' id='word_1_4' title='bbox 512 324 880 369; x_wconf 37' lang='lat' dir='ltr'><strong>domanam—*teste</strong></span> <span class='ocrx_word' id='word_1_5' title='bbox 908 324 1140 383; x_wconf 76' lang='lat' dir='ltr'><strong>Ulpiano</strong></span> <span class='ocrx_word' id='word_1_6' title='bbox 1169 326 1212 368; x_wconf 89' lang='lat' dir='ltr'><strong>in</strong></span> <span class='ocrx_word' id='word_1_7' title='bbox 1235 325 1287 369; x_wconf 77' lang='lat' dir='ltr'><strong>L.</strong></span> <span class='ocrx_word' id='word_1_8' title='bbox 1308 325 1352 371; x_wconf 79' lang='grc'><strong>3.</strong></span> <span class='ocrx_word' id='word_1_9' title='bbox 1376 325 1420 385; x_wconf 75' lang='lat'><strong>§-</strong></span> <span class='ocrx_word' id='word_1_10' title='bbox 1438 330 1509 373; x_wconf 87' lang='lat' dir='ltr'><strong>lo.</strong></span> 
     </span>
     <span class='ocr_line' id='line_1_3' title="bbox 161 398 1511 458; baseline -0.001 -15"><span class='ocrx_word' id='word_1_11' title='bbox 161 399 288 443; x_wconf 78' lang='lat' dir='ltr'><strong>l).-.de</strong></span> <span class='ocrx_word' id='word_1_12' title='bbox 306 400 443 444; x_wconf 86' lang='lat' dir='ltr'><strong>donat.</strong></span> <span class='ocrx_word' id='word_1_13' title='bbox 459 402 529 445; x_wconf 89' lang='lat' dir='ltr'><strong>int.</strong></span> <span class='ocrx_word' id='word_1_14' title='bbox 547 400 619 441; x_wconf 81' lang='lat' dir='ltr'><strong>vir.</strong></span> <span class='ocrx_word' id='word_1_15' title='bbox 639 403 680 440; x_wconf 90' lang='lat' dir='ltr'><strong>et</strong></span> <span class='ocrx_word' id='word_1_16' title='bbox 697 409 810 440; x_wconf 85' lang='lat' dir='ltr'><strong>uxor.</strong></span> <span class='ocrx_word' id='word_1_17' title='bbox 839 398 894 440; x_wconf 91' lang='lat' dir='ltr'><strong>ita</strong></span> <span class='ocrx_word' id='word_1_18' title='bbox 907 398 1150 446; x_wconf 75' lang='lat' dir='ltr'><strong>interdictae</strong></span> <span class='ocrx_word' id='word_1_19' title='bbox 1176 404 1286 452; x_wconf 87' lang='lat' dir='ltr'><strong>sunt,</strong></span> <span class='ocrx_word' id='word_1_20' title='bbox 1318 405 1397 454; x_wconf 84' lang='lat' dir='ltr'><strong>„ut</strong></span> <span class='ocrx_word' id='word_1_21' title='bbox 1418 401 1511 458; x_wconf 65' lang='lat' dir='ltr'><strong>ipso</strong></span> 
     </span>
     <span class='ocr_line' id='line_1_4' title="bbox 156 461 1511 530; baseline -0.003 -14"><span class='ocrx_word' id='word_1_22' title='bbox 156 461 254 527; x_wconf 60' lang='lat' dir='ltr'><strong>fure</strong></span> <span class='ocrx_word' id='word_1_23' title='bbox 269 474 377 516; x_wconf 68' lang='lat' dir='ltr'><strong>anihil</strong></span> <span class='ocrx_word' id='word_1_24' title='bbox 390 474 552 524; x_wconf 82' lang='lat' dir='ltr'><strong>valeat,</strong></span> <span class='ocrx_word' id='word_1_25' title='bbox 572 470 685 525; x_wconf 86' lang='lat' dir='ltr'><strong>quod</strong></span> <span class='ocrx_word' id='word_1_26' title='bbox 695 474 831 512; x_wconf 81' lang='lat' dir='ltr'><strong>actum</strong></span> <span class='ocrx_word' id='word_1_27' title='bbox 850 474 955 522; x_wconf 88' lang='lat' dir='ltr'><strong>est“;</strong></span> <span class='ocrx_word' id='word_1_28' title='bbox 984 470 1111 525; x_wconf 87' lang='lat' dir='ltr'><strong>idque</strong></span> <span class='ocrx_word' id='word_1_29' title='bbox 1126 471 1511 530; x_wconf 72' lang='lat' dir='ltr'><strong>idemUipianus</strong></span> 
     </span>
     <span class='ocr_line' id='line_1_5' title="bbox 160 542 1510 602; baseline 0.003 -16"><span class='ocrx_word' id='word_1_30' title='bbox 160 545 201 587; x_wconf 86' lang='lat' dir='ltr'><strong>iu</strong></span> <span class='ocrx_word' id='word_1_31' title='bbox 226 546 277 591; x_wconf 83' lang='lat' dir='ltr'><strong>L.</strong></span> <span class='ocrx_word' id='word_1_32' title='bbox 297 544 353 593; x_wconf 68' lang='grc'><strong>,5.</strong></span> <span class='ocrx_word' id='word_1_33' title='bbox 391 542 435 602; x_wconf 82' lang='lat'><strong>§.</strong></span> <span class='ocrx_word' id='word_1_34' title='bbox 459 542 537 594; x_wconf 67' lang='lat'><strong>18„</strong></span> <span class='ocrx_word' id='word_1_35' title='bbox 557 543 609 586; x_wconf 89' lang='lat' dir='ltr'><strong>D.</strong></span> <span class='ocrx_word' id='word_1_36' title='bbox 643 542 791 585; x_wconf 87' lang='lat' dir='ltr'><strong>eodem</strong></span> <span class='ocrx_word' id='word_1_37' title='bbox 814 543 874 586; x_wconf 78' lang='lat' dir='ltr'><strong>tit.</strong></span> <span class='ocrx_word' id='word_1_38' title='bbox 904 544 1179 594; x_wconf 40' lang='lat' dir='ltr'><strong>liis-ceverbis</strong></span> <span class='ocrx_word' id='word_1_39' title='bbox 1205 545 1510 602; x_wconf 75' lang='lat' dir='ltr'><strong>interpretatur:</strong></span> 
     </span>
     <span class='ocr_line' id='line_1_6' title="bbox 160 614 1508 673; baseline 0.001 -12"><span class='ocrx_word' id='word_1_40' title='bbox 160 618 244 673; x_wconf 88' lang='lat' dir='ltr'><strong>„ln</strong></span> <span class='ocrx_word' id='word_1_41' title='bbox 274 615 555 660; x_wconf 79' lang='lat' dir='ltr'><strong>donationibus</strong></span> <span class='ocrx_word' id='word_1_42' title='bbox 588 620 724 658; x_wconf 88' lang='lat' dir='ltr'><strong>autem</strong></span> <span class='ocrx_word' id='word_1_43' title='bbox 737 614 833 672; x_wconf 89' lang='lat' dir='ltr'><strong>jure</strong></span> <span class='ocrx_word' id='word_1_44' title='bbox 861 616 964 657; x_wconf 85' lang='lat' dir='ltr'><strong>civili</strong></span> <span class='ocrx_word' id='word_1_45' title='bbox 985 615 1189 672; x_wconf 86' lang='lat' dir='ltr'><strong>impeditis</strong></span> <span class='ocrx_word' id='word_1_46' title='bbox 1216 616 1409 662; x_wconf 85' lang='lat' dir='ltr'><strong>hactenus</strong></span> <span class='ocrx_word' id='word_1_47' title='bbox 1433 633 1508 663; x_wconf 80' lang='lat' dir='ltr'><strong>re-</strong></span> 
     </span>
     <span class='ocr_line' id='line_1_7' title="bbox 159 675 1523 743; baseline 0.001 -11"><span class='ocrx_word' id='word_1_48' title='bbox 159 695 339 732; x_wconf 78' lang='lat' dir='ltr'><strong>vocatur</strong></span> <span class='ocrx_word' id='word_1_49' title='bbox 351 689 510 729; x_wconf 84' lang='lat' dir='ltr'><strong>donum</strong></span> <span class='ocrx_word' id='word_1_50' title='bbox 529 687 581 728; x_wconf 94' lang='lat' dir='ltr'><strong>ab</strong></span> <span class='ocrx_word' id='word_1_51' title='bbox 611 701 671 735; x_wconf 81' lang='lat' dir='ltr'><strong>eo.</strong></span> <span class='ocrx_word' id='word_1_52' title='bbox 699 689 750 729; x_wconf 90' lang='lat' dir='ltr'><strong>ab</strong></span> <span class='ocrx_word' id='word_1_53' title='bbox 771 703 890 742; x_wconf 84' lang='lat' dir='ltr'><strong>eave,</strong></span> <span class='ocrx_word' id='word_1_54' title='bbox 923 689 988 730; x_wconf 88' lang='lat' dir='ltr'><strong>cui</strong></span> <span class='ocrx_word' id='word_1_55' title='bbox 1002 688 1209 729; x_wconf 80' lang='lat' dir='ltr'><strong>&#39;donatum</strong></span> <span class='ocrx_word' id='word_1_56' title='bbox 1235 694 1318 740; x_wconf 90' lang='lat' dir='ltr'><strong>est,</strong></span> <span class='ocrx_word' id='word_1_57' title='bbox 1353 697 1418 743; x_wconf 88' lang='lat' dir='ltr'><strong>ut,</strong></span> <span class='ocrx_word' id='word_1_58' title='bbox 1451 675 1523 733; x_wconf 85' lang='lat' dir='ltr'><strong>si--</strong></span> 
     </span>
     <span class='ocr_line' id='line_1_8' title="bbox 159 761 1508 817; baseline 0.001 -13"><span class='ocrx_word' id='word_1_59' title='bbox 159 762 327 817; x_wconf 84' lang='lat' dir='ltr'><strong>quidem</strong></span> <span class='ocrx_word' id='word_1_60' title='bbox 342 765 472 802; x_wconf 84' lang='lat' dir='ltr'><strong>exstet</strong></span> <span class='ocrx_word' id='word_1_61' title='bbox 493 775 579 815; x_wconf 88' lang='lat' dir='ltr'><strong>res,</strong></span> <span class='ocrx_word' id='word_1_62' title='bbox 610 761 833 803; x_wconf 82' lang='lat' dir='ltr'><strong>vindicetur</strong></span> <span class='ocrx_word' id='word_1_63' title='bbox 847 792 860 814; x_wconf 91' lang='lat'><strong>,</strong></span> <span class='ocrx_word' id='word_1_64' title='bbox 892 761 925 802; x_wconf 86' lang='lat' dir='ltr'><strong>si</strong></span> <span class='ocrx_word' id='word_1_65' title='bbox 941 765 1150 802; x_wconf 84' lang='lat' dir='ltr'><strong>consumta</strong></span> <span class='ocrx_word' id='word_1_66' title='bbox 1171 761 1241 814; x_wconf 89' lang='lat' dir='ltr'><strong>sit,</strong></span> <span class='ocrx_word' id='word_1_67' title='bbox 1273 762 1508 806; x_wconf 73' lang='lat' dir='ltr'><strong>condicatur</strong></span> 
     </span>
     <span class='ocr_line' id='line_1_9' title="bbox 135 833 1508 889; baseline 0.001 -15"><span class='ocrx_word' id='word_1_68' title='bbox 135 834 373 886; x_wconf 61' lang='lat' dir='ltr'><strong>hammus,</strong></span> <span class='ocrx_word' id='word_1_69' title='bbox 425 837 617 886; x_wconf 85' lang='lat' dir='ltr'><strong>quatenus</strong></span> <span class='ocrx_word' id='word_1_70' title='bbox 646 833 888 889; x_wconf 84' lang='lat' dir='ltr'><strong>locupletior</strong></span> <span class='ocrx_word' id='word_1_71' title='bbox 928 834 1017 886; x_wconf 87' lang='lat' dir='ltr'><strong>quis</strong></span> <span class='ocrx_word' id='word_1_72' title='bbox 1051 846 1193 873; x_wconf 88' lang='lat' dir='ltr'><strong>eorum</strong></span> <span class='ocrx_word' id='word_1_73' title='bbox 1228 833 1360 874; x_wconf 84' lang='lat' dir='ltr'><strong>factus</strong></span> <span class='ocrx_word' id='word_1_74' title='bbox 1398 840 1470 876; x_wconf 88' lang='lat' dir='ltr'><strong>est.</strong></span> <span class='ocrx_word' id='word_1_75' title='bbox 1481 836 1508 860; x_wconf 91' lang='lat'>“</span> 
     </span>
     <span class='ocr_line' id='line_1_10' title="bbox 156 894 1508 960; baseline 0.001 -13"><span class='ocrx_word' id='word_1_76' title='bbox 156 897 316 958; x_wconf 74' lang='lat' dir='ltr'><strong>Quodsi</strong></span> <span class='ocrx_word' id='word_1_77' title='bbox 332 906 400 948; x_wconf 83' lang='lat' dir='ltr'><strong>lex</strong></span> <span class='ocrx_word' id='word_1_78' title='bbox 413 894 468 947; x_wconf 86' lang='lat' dir='ltr'><strong>ita</strong></span> <span class='ocrx_word' id='word_1_79' title='bbox 483 910 591 947; x_wconf 81' lang='lat' dir='ltr'><strong>vetat</strong></span> <span class='ocrx_word' id='word_1_80' title='bbox 606 905 759 960; x_wconf 90' lang='lat' dir='ltr'><strong>aliquid</strong></span> <span class='ocrx_word' id='word_1_81' title='bbox 775 906 885 956; x_wconf 90' lang='lat' dir='ltr'><strong>fieri,</strong></span> <span class='ocrx_word' id='word_1_82' title='bbox 916 910 972 957; x_wconf 89' lang='lat' dir='ltr'><strong>ut,</strong></span> <span class='ocrx_word' id='word_1_83' title='bbox 996 906 1029 946; x_wconf 90' lang='lat' dir='ltr'><strong>si</strong></span> <span class='ocrx_word' id='word_1_84' title='bbox 1045 905 1198 951; x_wconf 84' lang='lat' dir='ltr'><strong>factum</strong></span> <span class='ocrx_word' id='word_1_85' title='bbox 1226 905 1289 960; x_wconf 85' lang='lat' dir='ltr'><strong>sit,</strong></span> <span class='ocrx_word' id='word_1_86' title='bbox 1309 920 1508 949; x_wconf 81' lang='lat' dir='ltr'><strong>revocare</strong></span> 
     </span>
     <span class='ocr_line' id='line_1_11' title="bbox 153 973 1537 1034; baseline 0.001 -15"><span class='ocrx_word' id='word_1_87' title='bbox 153 979 372 1033; x_wconf 88' lang='lat' dir='ltr'><strong>permittat,</strong></span> <span class='ocrx_word' id='word_1_88' title='bbox 384 977 590 1034; x_wconf 65' lang='lat' dir='ltr'><strong>perfecta</strong></span> <span class='ocrx_word' id='word_1_89' title='bbox 609 979 764 1033; x_wconf 86' lang='lat' dir='ltr'><strong>potius,</strong></span> <span class='ocrx_word' id='word_1_90' title='bbox 796 991 920 1031; x_wconf 91' lang='lat' dir='ltr'><strong>quam</strong></span> <span class='ocrx_word' id='word_1_91' title='bbox 939 978 1178 1032; x_wconf 83' lang='lat' dir='ltr'><strong>imperfecta</strong></span> <span class='ocrx_word' id='word_1_92' title='bbox 1194 978 1388 1020; x_wconf 88' lang='lat' dir='ltr'><strong>habenda</strong></span> <span class='ocrx_word' id='word_1_93' title='bbox 1415 973 1537 1034; x_wconf 72' lang='lat' dir='ltr'><strong>erit,³·</strong></span> 
     </span>
    </p>
   </div>
   <div class='ocr_carea' id='block_1_3' title="bbox 77 1043 1505 1098">
    <p class='ocr_par' dir='ltr' id='par_1_3' title="bbox 77 1043 1505 1098">
     <span class='ocr_line' id='line_1_12' title="bbox 77 1043 1505 1098; baseline 0.003 -7"><span class='ocrx_word' id='word_1_94' title='bbox 77 1087 89 1097; x_wconf 70' lang='grc'><strong><em>,</em></strong></span> <span class='ocrx_word' id='word_1_95' title='bbox 154 1051 257 1093; x_wconf 86' lang='lat' dir='ltr'><strong>sicut</strong></span> <span class='ocrx_word' id='word_1_96' title='bbox 280 1052 400 1093; x_wconf 86' lang='lat' dir='ltr'><strong>etiam</strong></span> <span class='ocrx_word' id='word_1_97' title='bbox 431 1050 731 1092; x_wconf 83' lang='lat' dir='ltr'><strong>Huschkius</strong></span> <span class='ocrx_word' id='word_1_98' title='bbox 770 1050 797 1091; x_wconf 89' lang='lat' dir='ltr'><strong>l.</strong></span> <span class='ocrx_word' id='word_1_99' title='bbox 832 1064 867 1090; x_wconf 90' lang='lat' dir='ltr'><strong>c.</strong></span> <span class='ocrx_word' id='word_1_100' title='bbox 896 1043 1051 1091; x_wconf 59' lang='lat' dir='ltr'><strong>censet</strong></span> <span class='ocrx_word' id='word_1_101' title='bbox 1111 1050 1399 1094; x_wconf 82' lang='lat' dir='ltr'><strong>Verumtamen</strong></span> <span class='ocrx_word' id='word_1_102' title='bbox 1420 1067 1505 1098; x_wconf 86' lang='lat' dir='ltr'><strong>non</strong></span> 
     </span>
    </p>
   </div>
   <div class='ocr_carea' id='block_1_4' title="bbox 131 1120 1507 2745">
    <p class='ocr_par' dir='ltr' id='par_1_4' title="bbox 131 1120 1507 2745">
     <span class='ocr_line' id='line_1_13' title="bbox 154 1120 1503 1178; baseline 0.002 -16"><span class='ocrx_word' id='word_1_103' title='bbox 154 1123 412 1176; x_wconf 83' lang='lat' dir='ltr'><strong>crediderim,</strong></span> <span class='ocrx_word' id='word_1_104' title='bbox 439 1122 552 1176; x_wconf 89' lang='lat' dir='ltr'><strong>quod</strong></span> <span class='ocrx_word' id='word_1_105' title='bbox 568 1123 748 1177; x_wconf 84' lang='lat' dir='ltr'><strong>plurimis</strong></span> <span class='ocrx_word' id='word_1_106' title='bbox 766 1122 858 1162; x_wconf 82' lang='lat' dir='ltr'><strong>viris</strong></span> <span class='ocrx_word' id='word_1_107' title='bbox 876 1120 1006 1162; x_wconf 83' lang='lat' dir='ltr'><strong>doctis</strong></span> <span class='ocrx_word' id='word_1_108' title='bbox 1023 1121 1198 1176; x_wconf 83' lang='lat' dir='ltr'><strong>placuit,</strong></span> <span class='ocrx_word' id='word_1_109' title='bbox 1220 1123 1503 1178; x_wconf 77' lang='lat' dir='ltr'><strong>imperfectam</strong></span> 
     </span>
     <span class='ocr_line' id='line_1_14' title="bbox 152 1191 1504 1252; baseline 0.001 -17"><span class='ocrx_word' id='word_1_110' title='bbox 152 1194 290 1250; x_wconf 82' lang='lat' dir='ltr'><strong>legem</strong></span> <span class='ocrx_word' id='word_1_111' title='bbox 319 1210 397 1251; x_wconf 89' lang='lat' dir='ltr'><strong>per</strong></span> <span class='ocrx_word' id='word_1_112' title='bbox 423 1209 467 1235; x_wconf 86' lang='lat' dir='ltr'><strong>se</strong></span> <span class='ocrx_word' id='word_1_113' title='bbox 493 1195 605 1235; x_wconf 81' lang='lat' dir='ltr'><strong>omm‘</strong></span> <span class='ocrx_word' id='word_1_114' title='bbox 631 1195 674 1235; x_wconf 79' lang='lat' dir='ltr'><strong>vi</strong></span> <span class='ocrx_word' id='word_1_115' title='bbox 697 1198 823 1248; x_wconf 81' lang='lat' dir='ltr'><strong>atque</strong></span> <span class='ocrx_word' id='word_1_116' title='bbox 854 1191 1010 1250; x_wconf 76' lang='lat' dir='ltr'><strong>effectu</strong></span> <span class='ocrx_word' id='word_1_117' title='bbox 1043 1207 1220 1244; x_wconf 82' lang='lat' dir='ltr'><strong>carere,</strong></span> <span class='ocrx_word' id='word_1_118' title='bbox 1269 1195 1345 1236; x_wconf 86' lang='lat' dir='ltr'><strong>sed</strong></span> <span class='ocrx_word' id='word_1_119' title='bbox 1368 1197 1504 1252; x_wconf 86' lang='lat' dir='ltr'><strong>potius</strong></span> 
     </span>
     <span class='ocr_line' id='line_1_15' title="bbox 153 1253 1507 1322; baseline 0.002 -17"><span class='ocrx_word' id='word_1_120' title='bbox 153 1278 248 1306; x_wconf 92' lang='lat' dir='ltr'><strong>cum</strong></span> <span class='ocrx_word' id='word_1_121' title='bbox 283 1265 770 1308; x_wconf 89' lang='lat' dir='ltr'><strong>Muehlenbruchio</strong></span> <span class='ocrx_word' id='word_1_122' title='bbox 807 1266 849 1305; x_wconf 92' lang='lat' dir='ltr'><strong>in</strong></span> <span class='ocrx_word' id='word_1_123' title='bbox 868 1265 1064 1305; x_wconf 84' lang='lat' dir='ltr'><strong>Doctrina</strong></span> <span class='ocrx_word' id='word_1_124' title='bbox 1086 1265 1281 1306; x_wconf 87' lang='lat' dir='ltr'><strong>Pandect.</strong></span> <span class='ocrx_word' id='word_1_125' title='bbox 1297 1263 1341 1322; x_wconf 83' lang='lat'><strong>§.</strong></span> <span class='ocrx_word' id='word_1_126' title='bbox 1360 1265 1435 1307; x_wconf 76' lang='lat'><strong>46.</strong></span> <span class='ocrx_word' id='word_1_127' title='bbox 1466 1253 1507 1308; x_wconf 87' lang='lat' dir='ltr'><strong>et</strong></span> 
     </span>
     <span class='ocr_line' id='line_1_16' title="bbox 151 1326 1507 1394; baseline 0.001 -15"><span class='ocrx_word' id='word_1_128' title='bbox 151 1333 195 1394; x_wconf 81' lang='lat'><strong>§.</strong></span> <span class='ocrx_word' id='word_1_129' title='bbox 220 1335 325 1378; x_wconf 80' lang='grc'><strong>631.</strong></span> <span class='ocrx_word' id='word_1_130' title='bbox 350 1343 432 1381; x_wconf 84' lang='lat' dir='ltr'><strong>not.</strong></span> <span class='ocrx_word' id='word_1_131' title='bbox 452 1337 495 1382; x_wconf 77' lang='grc' dir='ltr'><strong>Ί.</strong></span> <span class='ocrx_word' id='word_1_132' title='bbox 522 1339 577 1379; x_wconf 89' lang='lat' dir='ltr'><strong>ita</strong></span> <span class='ocrx_word' id='word_1_133' title='bbox 602 1343 755 1390; x_wconf 90' lang='lat' dir='ltr'><strong>statuo,</strong></span> <span class='ocrx_word' id='word_1_134' title='bbox 794 1337 827 1377; x_wconf 86' lang='lat' dir='ltr'><strong>si</strong></span> <span class='ocrx_word' id='word_1_135' title='bbox 856 1336 945 1389; x_wconf 90' lang='lat' dir='ltr'><strong>quis</strong></span> <span class='ocrx_word' id='word_1_136' title='bbox 978 1341 1119 1376; x_wconf 91' lang='lat' dir='ltr'><strong>contra</strong></span> <span class='ocrx_word' id='word_1_137' title='bbox 1142 1327 1351 1391; x_wconf 86' lang='lat' dir='ltr'><strong>ejusmodi</strong></span> <span class='ocrx_word' id='word_1_138' title='bbox 1368 1326 1507 1393; x_wconf 85' lang='lat' dir='ltr'><strong>legem</strong></span> 
     </span>
     <span class='ocr_line' id='line_1_17' title="bbox 151 1408 1505 1467; baseline 0.001 -17"><span class='ocrx_word' id='word_1_139' title='bbox 151 1422 239 1464; x_wconf 79' lang='lat' dir='ltr'><strong>sese</strong></span> <span class='ocrx_word' id='word_1_140' title='bbox 266 1410 527 1467; x_wconf 82' lang='lat' dir='ltr'><strong>obligaverit,</strong></span> <span class='ocrx_word' id='word_1_141' title='bbox 568 1411 662 1452; x_wconf 88' lang='lat' dir='ltr'><strong>eum</strong></span> <span class='ocrx_word' id='word_1_142' title='bbox 692 1409 939 1464; x_wconf 78' lang='lat' dir='ltr'><strong>exceptione</strong></span> <span class='ocrx_word' id='word_1_143' title='bbox 973 1414 1106 1467; x_wconf 89' lang='lat' dir='ltr'><strong>certe,</strong></span> <span class='ocrx_word' id='word_1_144' title='bbox 1156 1408 1211 1462; x_wconf 86' lang='lat'><strong>(„</strong></span> <span class='ocrx_word' id='word_1_145' title='bbox 1224 1410 1336 1464; x_wconf 89' lang='lat' dir='ltr'><strong>quod</strong></span> <span class='ocrx_word' id='word_1_146' title='bbox 1366 1417 1505 1452; x_wconf 86' lang='lat' dir='ltr'><strong>contra</strong></span> 
     </span>
     <span class='ocr_line' id='line_1_18' title="bbox 150 1479 1501 1539; baseline 0.001 -18"><span class='ocrx_word' id='word_1_147' title='bbox 150 1481 289 1538; x_wconf 84' lang='lat' dir='ltr'><strong>legem</strong></span> <span class='ocrx_word' id='word_1_148' title='bbox 307 1512 317 1523; x_wconf 90' lang='lat'><em>.</em></span> <span class='ocrx_word' id='word_1_149' title='bbox 339 1513 348 1523; x_wconf 94' lang='lat'>.</span> <span class='ocrx_word' id='word_1_150' title='bbox 368 1514 378 1524; x_wconf 91' lang='lat'>.</span> <span class='ocrx_word' id='word_1_151' title='bbox 401 1484 555 1524; x_wconf 87' lang='lat' dir='ltr'><strong>factum</strong></span> <span class='ocrx_word' id='word_1_152' title='bbox 586 1486 704 1535; x_wconf 86' lang='lat' dir='ltr'><strong>est“,</strong></span> <span class='ocrx_word' id='word_1_153' title='bbox 737 1481 962 1523; x_wconf 89' lang='lat' dir='ltr'><strong>secundum</strong></span> <span class='ocrx_word' id='word_1_154' title='bbox 1003 1480 1102 1536; x_wconf 83' lang='lat' dir='ltr'><strong>Gaj</strong></span> <span class='ocrx_word' id='word_1_155' title='bbox 1113 1494 1188 1521; x_wconf 91' lang='lat' dir='ltr'><strong>um</strong></span> <span class='ocrx_word' id='word_1_156' title='bbox 1206 1481 1275 1523; x_wconf 80' lang='lat' dir='ltr'><strong>IV.</strong></span> <span class='ocrx_word' id='word_1_157' title='bbox 1304 1479 1347 1538; x_wconf 58' lang='grc' dir='ltr'><strong>ς.</strong></span> <span class='ocrx_word' id='word_1_158' title='bbox 1369 1482 1501 1539; x_wconf 87' lang='grc'><strong>121.)</strong></span> 
     </span>
     <span class='ocr_line' id='line_1_19' title="bbox 152 1553 1502 1610; baseline 0.003 -17"><span class='ocrx_word' id='word_1_159' title='bbox 152 1554 235 1594; x_wconf 86' lang='lat' dir='ltr'><strong>sive</strong></span> <span class='ocrx_word' id='word_1_160' title='bbox 261 1568 473 1610; x_wconf 84' lang='lat' dir='ltr'><strong>expresse,</strong></span> <span class='ocrx_word' id='word_1_161' title='bbox 505 1556 590 1596; x_wconf 84' lang='lat' dir='ltr'><strong>sive</strong></span> <span class='ocrx_word' id='word_1_162' title='bbox 613 1556 735 1596; x_wconf 87' lang='lat' dir='ltr'><strong>tacite</strong></span> <span class='ocrx_word' id='word_1_163' title='bbox 764 1555 833 1595; x_wconf 91' lang='lat' dir='ltr'><strong>illa</strong></span> <span class='ocrx_word' id='word_1_164' title='bbox 857 1555 952 1608; x_wconf 80' lang='lat' dir='ltr'><strong>lege</strong></span> <span class='ocrx_word' id='word_1_165' title='bbox 984 1553 1251 1602; x_wconf 90' lang='lat' dir='ltr'><strong>contineatur,</strong></span> <span class='ocrx_word' id='word_1_166' title='bbox 1284 1559 1502 1609; x_wconf 83' lang='lat' dir='ltr'><strong>antequam</strong></span> 
     </span>
     <span class='ocr_line' id='line_1_20' title="bbox 150 1624 1501 1683; baseline 0.002 -18"><span class='ocrx_word' id='word_1_167' title='bbox 150 1625 334 1679; x_wconf 83' lang='lat' dir='ltr'><strong>solverit,</strong></span> <span class='ocrx_word' id='word_1_168' title='bbox 365 1627 478 1681; x_wconf 92' lang='lat' dir='ltr'><strong>quod</strong></span> <span class='ocrx_word' id='word_1_169' title='bbox 491 1627 696 1683; x_wconf 78' lang='lat' dir='ltr'><strong>promisit,</strong></span> <span class='ocrx_word' id='word_1_170' title='bbox 727 1626 831 1667; x_wconf 87' lang='lat' dir='ltr'><strong>tueri</strong></span> <span class='ocrx_word' id='word_1_171' title='bbox 849 1638 893 1665; x_wconf 87' lang='lat' dir='ltr'><strong>se</strong></span> <span class='ocrx_word' id='word_1_172' title='bbox 916 1636 1061 1678; x_wconf 86' lang='lat' dir='ltr'><strong>posse;</strong></span> <span class='ocrx_word' id='word_1_173' title='bbox 1094 1628 1135 1663; x_wconf 86' lang='lat' dir='ltr'><strong>at</strong></span> <span class='ocrx_word' id='word_1_174' title='bbox 1156 1624 1354 1666; x_wconf 91' lang='lat' dir='ltr'><strong>solutione</strong></span> <span class='ocrx_word' id='word_1_175' title='bbox 1378 1626 1501 1680; x_wconf 83' lang='lat' dir='ltr'><strong>facta,</strong></span> 
     </span>
     <span class='ocr_line' id='line_1_21' title="bbox 147 1694 1503 1755; baseline 0.001 -17"><span class='ocrx_word' id='word_1_176' title='bbox 147 1698 250 1739; x_wconf 85' lang='lat' dir='ltr'><strong>nihil</strong></span> <span class='ocrx_word' id='word_1_177' title='bbox 265 1700 436 1754; x_wconf 87' lang='lat' dir='ltr'><strong>amplius</strong></span> <span class='ocrx_word' id='word_1_178' title='bbox 457 1700 647 1755; x_wconf 87' lang='lat' dir='ltr'><strong>praesidii</strong></span> <span class='ocrx_word' id='word_1_179' title='bbox 667 1711 716 1738; x_wconf 84' lang='lat' dir='ltr'><strong>ex</strong></span> <span class='ocrx_word' id='word_1_180' title='bbox 735 1697 804 1736; x_wconf 88' lang='lat' dir='ltr'><strong>illa</strong></span> <span class='ocrx_word' id='word_1_181' title='bbox 825 1696 942 1749; x_wconf 84' lang='lat' dir='ltr'><strong>lege,</strong></span> <span class='ocrx_word' id='word_1_182' title='bbox 973 1694 1130 1749; x_wconf 89' lang='lat' dir='ltr'><strong>quippe</strong></span> <span class='ocrx_word' id='word_1_183' title='bbox 1147 1708 1253 1748; x_wconf 88' lang='lat' dir='ltr'><strong>quae</strong></span> <span class='ocrx_word' id='word_1_184' title='bbox 1277 1699 1503 1740; x_wconf 84' lang='lat' dir='ltr'><strong>naturalem</strong></span> 
     </span>
     <span class='ocr_line' id='line_1_22' title="bbox 146 1766 1503 1826; baseline -0.001 -14"><span class='ocrx_word' id='word_1_185' title='bbox 146 1784 228 1813; x_wconf 90' lang='lat' dir='ltr'><strong>non</strong></span> <span class='ocrx_word' id='word_1_186' title='bbox 254 1773 474 1826; x_wconf 87' lang='lat' dir='ltr'><strong>peremerit</strong></span> <span class='ocrx_word' id='word_1_187' title='bbox 501 1770 814 1826; x_wconf 84' lang='lat' dir='ltr'><strong>obligationem,</strong></span> <span class='ocrx_word' id='word_1_188' title='bbox 861 1766 916 1807; x_wconf 90' lang='lat' dir='ltr'><strong>ad</strong></span> <span class='ocrx_word' id='word_1_189' title='bbox 953 1767 1266 1808; x_wconf 79' lang='lat' dir='ltr'><strong>rescindendum</strong></span> <span class='ocrx_word' id='word_1_190' title='bbox 1292 1770 1503 1825; x_wconf 84' lang='lat' dir='ltr'><strong>negotium</strong></span> 
     </span>
     <span class='ocr_line' id='line_1_23' title="bbox 139 1838 1502 1898; baseline 0 -15"><span class='ocrx_word' id='word_1_191' title='bbox 139 1842 231 1898; x_wconf 87' lang='lat' dir='ltr'><strong>jam</strong></span> <span class='ocrx_word' id='word_1_192' title='bbox 248 1843 481 1897; x_wconf 85' lang='lat' dir='ltr'><strong>perfectum</strong></span> <span class='ocrx_word' id='word_1_193' title='bbox 497 1842 672 1891; x_wconf 81' lang='lat' dir='ltr'><strong>habere3</strong></span> <span class='ocrx_word' id='word_1_194' title='bbox 704 1840 899 1895; x_wconf 88' lang='lat' dir='ltr'><strong>quocirca</strong></span> <span class='ocrx_word' id='word_1_195' title='bbox 922 1838 976 1879; x_wconf 87' lang='lat' dir='ltr'><strong>de</strong></span> <span class='ocrx_word' id='word_1_196' title='bbox 993 1838 1090 1894; x_wconf 84' lang='lat' dir='ltr'><strong>lege</strong></span> <span class='ocrx_word' id='word_1_197' title='bbox 1123 1838 1328 1893; x_wconf 90' lang='lat' dir='ltr'><strong>Cincia‚</strong></span> <span class='ocrx_word' id='word_1_198' title='bbox 1375 1842 1502 1896; x_wconf 86' lang='lat' dir='ltr'><strong>siqui-</strong></span> 
     </span>
     <span class='ocr_line' id='line_1_24' title="bbox 131 1913 1501 1972; baseline 0.001 -16"><span class='ocrx_word' id='word_1_199' title='bbox 131 1914 247 1960; x_wconf 85' lang='lat' dir='ltr'><strong>dem</strong></span> <span class='ocrx_word' id='word_1_200' title='bbox 262 1914 318 1956; x_wconf 90' lang='lat' dir='ltr'><strong>ad</strong></span> <span class='ocrx_word' id='word_1_201' title='bbox 334 1929 425 1956; x_wconf 88' lang='lat' dir='ltr'><strong>eam</strong></span> <span class='ocrx_word' id='word_1_202' title='bbox 443 1914 598 1972; x_wconf 83' lang='lat' dir='ltr'><strong>initium</strong></span> <span class='ocrx_word' id='word_1_203' title='bbox 620 1913 964 1969; x_wconf 83' lang='lat' dir='ltr'><strong>Fragmentorum</strong></span> <span class='ocrx_word' id='word_1_204' title='bbox 989 1917 1216 1953; x_wconf 90' lang='lat' dir='ltr'><strong>nostrorum</strong></span> <span class='ocrx_word' id='word_1_205' title='bbox 1240 1913 1501 1958; x_wconf 86' lang='lat' dir='ltr'><strong>referendum</strong></span> 
     </span>
     <span class='ocr_line' id='line_1_25' title="bbox 147 1984 1501 2041; baseline 0.001 -14"><span class='ocrx_word' id='word_1_206' title='bbox 147 1992 229 2037; x_wconf 85' lang='lat' dir='ltr'><strong>est,</strong></span> <span class='ocrx_word' id='word_1_207' title='bbox 260 1986 520 2041; x_wconf 87' lang='lat' dir='ltr'><strong>Ulpianus</strong></span> <span class='ocrx_word' id='word_1_208' title='bbox 562 1986 678 2027; x_wconf 88' lang='lat' dir='ltr'><strong>dicit:</strong></span> <span class='ocrx_word' id='word_1_209' title='bbox 707 1986 769 2038; x_wconf 89' lang='lat' dir='ltr'><strong>„si</strong></span> <span class='ocrx_word' id='word_1_210' title='bbox 792 1986 885 2041; x_wconf 87' lang='lat' dir='ltr'><strong>plus</strong></span> <span class='ocrx_word' id='word_1_211' title='bbox 905 1985 1099 2027; x_wconf 82' lang='lat' dir='ltr'><strong>donatum</strong></span> <span class='ocrx_word' id='word_1_212' title='bbox 1125 1984 1196 2035; x_wconf 90' lang='lat' dir='ltr'><strong>sit,</strong></span> <span class='ocrx_word' id='word_1_213' title='bbox 1227 1999 1310 2027; x_wconf 77' lang='lat' dir='ltr'><strong>non</strong></span> <span class='ocrx_word' id='word_1_214' title='bbox 1337 1988 1501 2029; x_wconf 76' lang='lat' dir='ltr'><strong>rescin-</strong></span> 
     </span>
     <span class='ocr_line' id='line_1_26' title="bbox 147 2056 1500 2113; baseline -0.001 -13"><span class='ocrx_word' id='word_1_215' title='bbox 147 2059 259 2102; x_wconf 76' lang='lat' dir='ltr'><strong>dit.“</strong></span> <span class='ocrx_word' id='word_1_216' title='bbox 318 2058 585 2113; x_wconf 15' lang='lat' dir='ltr'><strong>Cuiyquidem</strong></span> <span class='ocrx_word' id='word_1_217' title='bbox 606 2058 823 2100; x_wconf 86' lang='lat' dir='ltr'><strong>sententiae</strong></span> <span class='ocrx_word' id='word_1_218' title='bbox 849 2069 1108 2110; x_wconf 83' lang='lat' dir='ltr'><strong>nequaquam</strong></span> <span class='ocrx_word' id='word_1_219' title='bbox 1130 2056 1290 2110; x_wconf 88' lang='lat' dir='ltr'><strong>obstat,</strong></span> <span class='ocrx_word' id='word_1_220' title='bbox 1323 2059 1436 2111; x_wconf 91' lang='lat' dir='ltr'><strong>quod</strong></span> <span class='ocrx_word' id='word_1_221' title='bbox 1457 2058 1500 2099; x_wconf 91' lang='lat' dir='ltr'><strong>in</strong></span> 
     </span>
     <span class='ocr_line' id='line_1_27' title="bbox 146 2127 1498 2187; baseline -0.001 -14"><span class='ocrx_word' id='word_1_222' title='bbox 146 2132 328 2174; x_wconf 76' lang='lat' dir='ltr'><strong>vatican.</strong></span> <span class='ocrx_word' id='word_1_223' title='bbox 343 2130 427 2187; x_wconf 86' lang='lat' dir='ltr'><strong>jur.</strong></span> <span class='ocrx_word' id='word_1_224' title='bbox 446 2132 569 2172; x_wconf 89' lang='lat' dir='ltr'><strong>Rom.</strong></span> <span class='ocrx_word' id='word_1_225' title='bbox 587 2131 753 2187; x_wconf 78' lang='lat' dir='ltr'><strong>Fragm.</strong></span> <span class='ocrx_word' id='word_1_226' title='bbox 774 2127 817 2187; x_wconf 59' lang='grc' dir='ltr'><strong>ς.</strong></span> <span class='ocrx_word' id='word_1_227' title='bbox 848 2127 950 2177; x_wconf 85' lang='grc'><strong>266.</strong></span> <span class='ocrx_word' id='word_1_228' title='bbox 977 2127 1090 2168; x_wconf 83' lang='lat' dir='ltr'><strong>idem</strong></span> <span class='ocrx_word' id='word_1_229' title='bbox 1121 2128 1391 2183; x_wconf 86' lang='lat' dir='ltr'><strong>Ulpianus</strong></span> <span class='ocrx_word' id='word_1_230' title='bbox 1420 2131 1498 2172; x_wconf 69' lang='lat' dir='ltr'><strong>ait:</strong></span> 
     </span>
     <span class='ocr_line' id='line_1_28' title="bbox 146 2199 1497 2259; baseline -0.002 -13"><span class='ocrx_word' id='word_1_231' title='bbox 146 2205 326 2259; x_wconf 80' lang='lat' dir='ltr'><strong>„siquis</strong></span> <span class='ocrx_word' id='word_1_232' title='bbox 363 2208 502 2245; x_wconf 85' lang='lat' dir='ltr'><strong>contra</strong></span> <span class='ocrx_word' id='word_1_233' title='bbox 529 2205 667 2259; x_wconf 86' lang='lat' dir='ltr'><strong>legem</strong></span> <span class='ocrx_word' id='word_1_234' title='bbox 703 2201 933 2244; x_wconf 88' lang='lat' dir='ltr'><strong>Cinciam</strong></span> <span class='ocrx_word' id='word_1_235' title='bbox 963 2199 1168 2254; x_wconf 86' lang='lat' dir='ltr'><strong>obligatus</strong></span> <span class='ocrx_word' id='word_1_236' title='bbox 1201 2214 1283 2242; x_wconf 90' lang='lat' dir='ltr'><strong>non</strong></span> <span class='ocrx_word' id='word_1_237' title='bbox 1321 2208 1497 2258; x_wconf 84' lang='lat' dir='ltr'><strong>excepto</strong></span> 
     </span>
     <span class='ocr_line' id='line_1_29' title="bbox 147 2270 1497 2333; baseline -0.001 -16"><span class='ocrx_word' id='word_1_238' title='bbox 147 2276 332 2327; x_wconf 87' lang='lat' dir='ltr'><strong>solverit,</strong></span> <span class='ocrx_word' id='word_1_239' title='bbox 350 2305 360 2316; x_wconf 88' lang='lat'>.</span> <span class='ocrx_word' id='word_1_240' title='bbox 381 2304 391 2315; x_wconf 92' lang='lat'><strong>.</strong></span> <span class='ocrx_word' id='word_1_241' title='bbox 412 2305 422 2317; x_wconf 93' lang='lat'><strong>.</strong></span> <span class='ocrx_word' id='word_1_242' title='bbox 442 2306 452 2317; x_wconf 89' lang='lat'>.</span> <span class='ocrx_word' id='word_1_243' title='bbox 469 2281 659 2333; x_wconf 82' lang='lat' dir='ltr'><strong>repetere</strong></span> <span class='ocrx_word' id='word_1_244' title='bbox 676 2289 768 2316; x_wconf 89' lang='lat' dir='ltr'><strong>eum</strong></span> <span class='ocrx_word' id='word_1_245' title='bbox 787 2272 907 2329; x_wconf 86' lang='lat' dir='ltr'><strong>posse</strong></span> <span class='ocrx_word' id='word_1_246' title='bbox 915 2276 965 2322; x_wconf 88' lang='lat'><strong>“,</strong></span> <span class='ocrx_word' id='word_1_247' title='bbox 999 2271 1112 2325; x_wconf 87' lang='lat' dir='ltr'><strong>(qua</strong></span> <span class='ocrx_word' id='word_1_248' title='bbox 1142 2270 1195 2311; x_wconf 91' lang='lat' dir='ltr'><strong>de</strong></span> <span class='ocrx_word' id='word_1_249' title='bbox 1221 2286 1267 2315; x_wconf 85' lang='lat' dir='ltr'><strong>re</strong></span> <span class='ocrx_word' id='word_1_250' title='bbox 1294 2273 1348 2314; x_wconf 83' lang='lat' dir='ltr'><strong>cf.</strong></span> <span class='ocrx_word' id='word_1_251' title='bbox 1376 2275 1497 2317; x_wconf 88' lang='lat' dir='ltr'><strong>etiam</strong></span> 
     </span>
     <span class='ocr_line' id='line_1_30' title="bbox 145 2343 1496 2404; baseline -0.001 -16"><span class='ocrx_word' id='word_1_252' title='bbox 145 2348 196 2388; x_wconf 89' lang='lat' dir='ltr'><strong>L.</strong></span> <span class='ocrx_word' id='word_1_253' title='bbox 215 2347 287 2388; x_wconf 88' lang='grc'><strong>21.</strong></span> <span class='ocrx_word' id='word_1_254' title='bbox 302 2346 352 2404; x_wconf 81' lang='lat'><strong>§.</strong></span> <span class='ocrx_word' id='word_1_255' title='bbox 370 2346 411 2388; x_wconf 92' lang='grc'><strong>1.</strong></span> <span class='ocrx_word' id='word_1_256' title='bbox 430 2347 481 2388; x_wconf 83' lang='grc' dir='ltr'><strong>Ι).</strong></span> <span class='ocrx_word' id='word_1_257' title='bbox 502 2347 555 2386; x_wconf 89' lang='lat' dir='ltr'><strong>de</strong></span> <span class='ocrx_word' id='word_1_258' title='bbox 573 2345 895 2398; x_wconf 84' lang='lat' dir='ltr'><strong>donationibus.)</strong></span> <span class='ocrx_word' id='word_1_259' title='bbox 957 2344 1077 2384; x_wconf 89' lang='lat' dir='ltr'><strong>Hanc</strong></span> <span class='ocrx_word' id='word_1_260' title='bbox 1095 2343 1203 2384; x_wconf 90' lang='lat' dir='ltr'><strong>enim</strong></span> <span class='ocrx_word' id='word_1_261' title='bbox 1229 2346 1429 2387; x_wconf 83' lang='lat' dir='ltr'><strong>actionem</strong></span> <span class='ocrx_word' id='word_1_262' title='bbox 1454 2347 1496 2386; x_wconf 87' lang='lat' dir='ltr'><strong>in</strong></span> 
     </span>
     <span class='ocr_line' id='line_1_31' title="bbox 145 2414 1494 2477; baseline -0.003 -15"><span class='ocrx_word' id='word_1_263' title='bbox 145 2425 310 2477; x_wconf 88' lang='lat' dir='ltr'><strong>promtu</strong></span> <span class='ocrx_word' id='word_1_264' title='bbox 328 2426 389 2462; x_wconf 88' lang='lat' dir='ltr'><strong>est</strong></span> <span class='ocrx_word' id='word_1_265' title='bbox 414 2419 553 2462; x_wconf 84' lang='lat' dir='ltr'><strong>videre</strong></span> <span class='ocrx_word' id='word_1_266' title='bbox 584 2431 666 2459; x_wconf 90' lang='lat' dir='ltr'><strong>non</strong></span> <span class='ocrx_word' id='word_1_267' title='bbox 692 2418 745 2459; x_wconf 85' lang='lat' dir='ltr'><strong>ab</strong></span> <span class='ocrx_word' id='word_1_268' title='bbox 766 2418 857 2474; x_wconf 87' lang='lat' dir='ltr'><strong>ipsa</strong></span> <span class='ocrx_word' id='word_1_269' title='bbox 876 2416 970 2471; x_wconf 76' lang='lat' dir='ltr'><strong>lege</strong></span> <span class='ocrx_word' id='word_1_270' title='bbox 995 2415 1176 2459; x_wconf 87' lang='lat' dir='ltr'><strong>Cincia</strong></span> <span class='ocrx_word' id='word_1_271' title='bbox 1205 2414 1336 2473; x_wconf 81' lang='lat' dir='ltr'><strong>repeti</strong></span> <span class='ocrx_word' id='word_1_272' title='bbox 1359 2430 1494 2472; x_wconf 83' lang='lat' dir='ltr'><strong>posse,</strong></span> 
     </span>
     <span class='ocr_line' id='line_1_32' title="bbox 147 2490 1497 2547; baseline -0.002 -14"><span class='ocrx_word' id='word_1_273' title='bbox 147 2492 353 2547; x_wconf 80' lang='lat' dir='ltr'><strong>(alioquin</strong></span> <span class='ocrx_word' id='word_1_274' title='bbox 376 2493 563 2533; x_wconf 89' lang='lat' dir='ltr'><strong>nimirum</strong></span> <span class='ocrx_word' id='word_1_275' title='bbox 584 2505 634 2532; x_wconf 80' lang='lat' dir='ltr'><strong>ex</strong></span> <span class='ocrx_word' id='word_1_276' title='bbox 654 2491 749 2545; x_wconf 84' lang='lat' dir='ltr'><strong>lege</strong></span> <span class='ocrx_word' id='word_1_277' title='bbox 771 2491 861 2544; x_wconf 89' lang='lat' dir='ltr'><strong>ipsa</strong></span> <span class='ocrx_word' id='word_1_278' title='bbox 889 2502 1038 2530; x_wconf 86' lang='lat' dir='ltr'><strong>nomen</strong></span> <span class='ocrx_word' id='word_1_279' title='bbox 1055 2495 1232 2537; x_wconf 85' lang='lat' dir='ltr'><strong>tractura</strong></span> <span class='ocrx_word' id='word_1_280' title='bbox 1257 2490 1418 2539; x_wconf 82' lang='lat' dir='ltr'><strong>fuisset,</strong></span> <span class='ocrx_word' id='word_1_281' title='bbox 1450 2495 1497 2532; x_wconf 91' lang='lat' dir='ltr'><strong>ut</strong></span> 
     </span>
     <span class='ocr_line' id='line_1_33' title="bbox 148 2560 1497 2620; baseline -0.004 -13"><span class='ocrx_word' id='word_1_282' title='bbox 148 2563 365 2607; x_wconf 89' lang='lat' dir='ltr'><strong>Cinciae</strong></span> <span class='ocrx_word' id='word_1_283' title='bbox 395 2564 500 2620; x_wconf 84' lang='lat' dir='ltr'><strong>legis</strong></span> <span class='ocrx_word' id='word_1_284' title='bbox 517 2563 726 2619; x_wconf 85' lang='lat' dir='ltr'><strong>exceptio,</strong></span> <span class='ocrx_word' id='word_1_285' title='bbox 756 2567 802 2603; x_wconf 91' lang='lat' dir='ltr'><strong>ut</strong></span> <span class='ocrx_word' id='word_1_286' title='bbox 825 2561 928 2617; x_wconf 86' lang='lat' dir='ltr'><strong>legis</strong></span> <span class='ocrx_word' id='word_1_287' title='bbox 953 2561 1202 2616; x_wconf 86' lang='lat' dir='ltr'><strong>Aquiliae</strong></span> <span class='ocrx_word' id='word_1_288' title='bbox 1233 2560 1393 2615; x_wconf 79' lang='lat' dir='ltr'><strong>actio‚)</strong></span> <span class='ocrx_word' id='word_1_289' title='bbox 1422 2560 1497 2604; x_wconf 81' lang='lat' dir='ltr'><strong>sed</strong></span> 
     </span>
     <span class='ocr_line' id='line_1_34' title="bbox 145 2631 1495 2690; baseline -0.005 -10"><span class='ocrx_word' id='word_1_290' title='bbox 145 2638 391 2690; x_wconf 76' lang='lat' dir='ltr'><strong>prudentum</strong></span> <span class='ocrx_word' id='word_1_291' title='bbox 410 2637 647 2677; x_wconf 87' lang='lat' dir='ltr'><strong>auctoritate</strong></span> <span class='ocrx_word' id='word_1_292' title='bbox 670 2633 926 2690; x_wconf 82' lang='lat' dir='ltr'><strong>supplendae</strong></span> <span class='ocrx_word' id='word_1_293' title='bbox 947 2631 1405 2688; x_wconf 78' lang='lat' dir='ltr'><strong>atqueamplificandae</strong></span> <span class='ocrx_word' id='word_1_294' title='bbox 1432 2633 1495 2681; x_wconf 81' lang='lat' dir='ltr'><strong>le-</strong></span> 
     </span>
     <span class='ocr_line' id='line_1_35' title="bbox 284 2702 1174 2745; baseline -0.001 -28"><span class='ocrx_word' id='word_1_295' title='bbox 284 2715 287 2717; x_wconf 74' lang='grc'>,</span> <span class='ocrx_word' id='word_1_296' title='bbox 1072 2706 1075 2709; x_wconf 88' lang='grc'><strong>-</strong></span> <span class='ocrx_word' id='word_1_297' title='bbox 1144 2702 1174 2745; x_wconf 76' lang='lat'><strong>3</strong></span> 
     </span>
    </p>
   </div>
  </div>
 </body>
</html>
