1755 3123
1345 178 1408 222 59

63 305 341 355 Justinum.
358 303 390 345 I.
417 317 453 344 c.
474 299 532 350 3.,
561 299 665 343 item
680 292 794 350 apud
817 289 1048 335 Curtium
1074 287 1124 331 V.
1146 300 1183 328 c.
1207 283 1249 327 l.
1282 281 1411 338 (certe

19 435 22 443 Ι
63 392 113 423 ex
138 377 337 420 emendat.
377 369 625 422 Barthii.)
691 365 758 407 cf.
794 365 913 404 etiam
948 356 1413 403 Drakenborchius

47 453 118 497 ‘ad
138 452 259 494 Silii
280 447 457 490 Italici
486 442 627 484 Punic.
656 438 729 479 111.
756 450 793 477 v,
822 433 926 477 435.
959 458 1020 466 —
1079 434 1195 475 Haec
1215 430 1327 473 'mihi
1349 436 1415 470 te-

62 523 247 576 stimonia
275 510 633 561 Godofredus
664 508 1014 555 normannus,
1052 517 1160 558 quae
1186 502 1330 546 eximia
1354 506 1417 541 est

62 597 194 651 ipsius
214 591 431 635 liberalitas
452 614 465 636 ,
491 581 807 639 suppeditavit,
852 580 974 621 allato
1003 576 1058 618 ad
1100 575 1418 617 confirmandum

64 669 178 710 illum
196 660 392 720 loquendi
411 671 529 699 usum
555 657 675 697 etiam
701 654 784 695 hoc
811 654 1072 708 argumento,
1094 647 1207 702 quod
1224 653 1264 689 et
1283 647 1417 688 Grae-

66 742 121 782 cis
139 732 381 796 παρθενζας
399 732 556 773 dicatur
583 742 634 771 ex
656 728 811 784 virgine
838 731 964 767 natus.
993 709 995 711 ’

76 853 81 857 ,
186 808 318 851 'Paulo
339 810 454 861 post,
485 803 557 844 ubi
581 817 631 843 ea
658 805 935 856 exponuntur,
976 791 1162 850 quae.ad
1184 791 1257 847 jus
1282 789 1421 841 Quiri-

67 886 164 927 tium
196 880 331 922 liberis
363 874 691 929 consequendum
732 876 918 927 spectant
939 899 952 921 ,
1004 870 1054 909 ‘iu
1104 870 1283 907 extrema
1319 875 1420 917 pag.

69 956 159 999 192
172 950 214 993 ap
245 959 287 994 et
308 953 469 992 ineunte
486 962 529 1002 p.
560 945 649 986 192
662 942 707 973 ba
738 945 816 999 (tit.
840 944 910 984 111.
928 940 970 1000 §.
989 941 1051 996 3.)
1081 939 1186 980 haec
1207 938 1421 991 leguntur:

68 1030 209 1081 „Nam
235 1026 329 1080 lege
348 1021 472 1064 Junia
491 1024 651 1060 cautum
682 1022 761 1068 est,
792 1021 838 1056 ut
861 1046 872 1057 .
892 1047 901 1056 .
926 1046 937 1056 .
955 1046 966 1056 .
998 1012 1133 1069 ‚possit
1157 1008 1273 1064 apud
1293 1007 1420 1062 prae-

69 1108 200 1142 torem
229 1097 297 1136 vel
318 1092 547 1149 praesidem
572 1089 805 1144 provinciae
837 1100 999 1129 causam
1026 1084 1230 1139 probare,
1262 1086 1304 1120 et
1331 1079 1421 1120 fieri

72 1173 208 1215 civem
243 1168 516 1213 Romanum,
546 1168 630 1202 tam
661 1162 771 1215 ipse,
788 1149 927 1213 ¹quam
944 1159 1048 1198 filius
1078 1156 1212 1196 filiave
1239 1152 1349 1207 ejus,
1381 1155 1423 1189 et

71 1258 193 1291 uxor,
206 1242 234 1268 “
276 1244 353 1281 etc.
423 1235 561 1277 Verba
599 1232 772 1285 „civem
800 1229 1088 1272 Romanum“
1118 1225 1307 1281 plerique
1333 1221 1424 1262 edi-

72 1323 180 1357 tores
210 1313 411 1354 mutarunt
438 1308 505 1347 in:
549 1305 654 1346 civis
682 1303 936 1354 Romanus,
975 1301 1020 1340 id
1044 1298 1159 1352 quod
1184 1293 1427 1336 constructio

72 1388 291 1429 verborum
311 1380 500 1437 postulat.
561 1377 715 1430 Hugo
741 1379 877 1414 autem
906 1371 1056 1412 codicis
1086 1368 1302 1409 lectionem
1328 1364 1427 1405 reti-

73 1461 159 1500 nuit
171 1487 184 1507 ‚
213 1458 293 1496 hac
312 1453 569 1494 adnotatione
589 1438 792 1500 subjecta:
823 1446 1000 1496 „Nostra
1020 1442 1138 1482 lectio
1157 1438 1343 1478 codicem
1358 1450 1428 1477 se·-

75 1529 208 1584 quitur
232 1538 313 1567 uec
331 1523 472 1579 plane
494 1518 654 1564 vitiosa
680 1518 797 1565 est,·“
818 1513 929 1569 quod
946 1509 1151 1566 quomodo
1173 1506 1428 1557 defendatur,

76 1603 208 1652 fateor
229 1612 297 1639 me
321 1610 402 1637 non
424 1593 671 1647 intelligere,
702 1586 939 1643 praesertim
966 1597 1060 1624 cum
1085 1583 1160 1622 ista
1185 1580 1313 1621 verba
1336 1592 1429 1619 rur-

77 1687 155 1718 sus¹
173 1667 407 1713 nominativi
425 1668 661 1719 sequantur:
692 1664 813 1713 „tam
838 1657 951 1711 ipse,
984 1667 1106 1708 quam
1125 1652 1263 1692 filius“
1290 1656 1367 1692 etc.

199 1746 247 1784 P.
267 1741 357 1781 193
370 1746 413 1768 W
433 1739 460 1777 1.
480 1735 538 1776 ll
551 1758 606 1767 —
621 1730 694 1774 15.
726 1731 804 1788 (tit.
822 1729 873 1772 V.
892 1726 935 1785 δ.
953 1727 1047 1781 10.)
1079 1727 1135 1767 ita
1153 1725 1349 1780 scriptum
1369 1723 1433 1763 in-

77 1816 253 1859 venitur:
293 1811 375 1864 „In
406 1809 493 1861 his,
530 1808 599 1861 qui
615 1805 711 1861 jure
739 1805 945 1843 contracto
973 1798 1228 1839 matrimonio
1256 1809 1433 1837 nascun-

78 1895 144 1929 tur
157 1916 169 1938 ‚
211 1883 485 1937 conceptionis
522 1882 676 1935 tepore
703 1875 932 1930 exceptat2
949 1889 965 1922 ,-
1002 1872 1044 1911 in
1075 1870 1137 1910 his
1164 1875 1318 1920 autem,
1364 1866 1435 1921 qui

79 1973 161 2000 non
178 1956 358 2011 legitime
387 1953 688 2007 concipiuntur,
720 1946 951 1989 editionis.“
1016 1942 1261 1995 Corruptam
1284 1939 1436 1979 lectio-

81 2045 176 2072 nem
206 2028 395 2083 „tepore
425 2025 656 2080 exceptat²
671 2023 698 2046 ‘⁶
729 2020 854 2073 vulgo
876 2017 932 2058 sic
957 2014 1241 2055 emendarunt:
1268 2018 1435 2066 tempus

85 2106 326 2158 spectatur.
389 2097 458 2139 Ad
484 2094 721 2137 sententiam
747 2089 912 2144 quidem
944 2091 1054 2126 recte
1089 2091 1131 2125 et
1152 2084 1435 2123 convenienter

87 2166 179 2215 cum
206 2187 278 2222 eo,
310 2168 422 2224 quod
454 2167 721 2221 Ulpianus
751 2164 801 2204 L.
824 2161 865 2202 7.
895 2157 939 2215 §.
967 2157 1009 2197 1,
1036 2157 1089 2198 D.
1113 2156 1167 2195 de
1199 2161 1324 2196 senat.
1358 2154 1437 2201 ait,-

87 2247 161 2287 sed
174 2245 345 2301 propius
367 2241 421 2283 ad
441 2238 590 2288 codicis
620 2237 860 2291 scripturam
885 2229 1150 2279 accedemus,
1182 2226 1215 2267 si
1235 2240 1314 2281 pro
1344 2238 1438 2281 spe-

89 2323 240 2370 ctatur
268 2313 587 2371 reposuerimus:
630 2312 908 2366 expectatur,
953 2308 998 2342 ut
1021 2301 1167 2342 eadem
1188 2299 1285 2339 huic
1311 2298 1438 2338 verbo

89 2390 199 2431 notio
233 2383 421 2445 subjecta=
441 2385 509 2436 sit,
551 2395 656 2437 quae
685 2377 896 2435 spectandi
925 2375 1055 2416 verbo
1080 2374 1195 2417 inest.
1278 2370 1441 2423 Nempe

90 2463 194 2512 haec
216 2461 298 2499 duo
319 2461 445 2500 verba
469 2456 582 2497 haud
599 2467 692 2494 raro
712 2451 826 2505 apud
843 2455 1001 2489 veteres
1018 2447 1247 2501 promiscue
1268 2455 1442 2494 usurpa-

92 2539 135 2573 ta
165 2532 441 2588 reperiuntur,
486 2529 532 2571 id
554 2525 666 2582 quod
683 2524 776 2580 jam
803 2523 870 2563 alii
898 2519 1282 2565 animadverterunt,
1333 2513 1445 2554 velut

94 2603 401 2647 Brissonius
423 2618 453 2644 s.
475 2617 513 2644 v.
537 2600 837 2657 Exspectare,
875 2608 943 2637 no.
968 2592 1010 2635 4.
1030 2597 1069 2633 et
1088 2605 1118 2632 s·
1146 2603 1184 2631 v.
1209 2586 1444 2644 Spectare‚
