1784 3123
362 351 488 392 fuisse
509 344 711 392 veteribus
730 344 1057 398 Juriscomnltts,
1087 350 1134 387 ut
1151 343 1389 393 libi-os‘nuos
1407 342 1601 404 intitulos
1619 347 1723 391 divt-

364 424 521 466 derent.
550 443 615 455 --
659 414 772 462 'Jam
792 426 839 462 nt
855 414 908 461 ab
928 419 1009 459 hac
1037 419 1218 474 generali
1244 417 1439 459 sententia
1461 414 1621 469 ordiar,
1657 405 1731 461 ἠέ

364 495 485 537 detur
512 494 606 535 satis
635 492 832 535 idoneum
865 490 1043 542 habere,
1093 502 1178 544 qno
1213 489 1351 532 nititur
1365 520 1379 543 ,
1428 483 1721 545 argumentum.

363 567 471 609 N‘am
486 567 528 607 in
545 566 825 621 compluribus
841 563 934 605 iuris
952 563 1132 603 Romani
1150 562 1328 617 reliquiis
1337 591 1350 615 ‚
1364 561 1437 603 ubi
1451 567 1634 603 veterum
1648 561 1722 603 Ju-

363 639 686 681 reconsultorum
704 640 856 694 scripta
872 637 1116 692 allegantur,
1157 640 1324 690 praeter
1346 634 1456 690 ipsos
1481 636 1604 677 libros
1632 647 1724 677 sae-

363 725 591 767 penumero
612 713 734 753 etiam
753 711 960 752 titulorum
986 708 1139 749 mentio
1164 705 1362 756 habetu13
1393 708 1518 762 idque
1547 721 1628 750 non
1655 720 1725 749 so-

364 777 507 825 lumin
521 784 645 824 libros
665 784 720 824 ad
735 783 928 824 Edictum
954 781 1083 834 cadit,
1124 780 1236 834 (qua
1254 778 1308 819 de
1329 792 1376 820 re
1407 781 1517 822 mnf.
1542 781 1726 837 Hu-go-

364 857 441 898 nis
469 857 574 897 liber
595 855 860 912 Digestorum
884 869 931 911 p.
957 853 1051 907 99„
1084 852 1187 894 102.
1210 856 1252 893 et
1269 849 1373 891 103.
1406 858 1530 906 atque
1545 853 1727 895 Buch-

364 929 553 970 holtzii
574 928 672 970 edit.
697 929 786 971 Jur.
817 929 892 971 civ.
920 926 1121 982 Antejust.
1140 925 1428 967 vaticanorum
1455 924 1730 981 Fragmento—

365 1014 458 1041 rum
485 1015 528 1055 p.
557 999 661 1044 217.
684 1006 772 1053 not.
797 1004 862 1055 a.)
893 1001 934 1040 in
959 1000 1104 1053 quibus
1127 998 1315 1038 nimirum
1338 997 1547 1038 titulorum
1571 992 1728 1039 descri-

364 1056 639 1127 ptio'videtur
656 1072 711 1112 ad
739 1073 866 1127 ipsius
891 1072 1029 1112 Edicti
1053 1060 1287 1124 exemplum
1315 1070 1427 1110 facta‘
1446 1076 1556 1122 esse,
1588 1084 1729 1111 verum

365 1143 407 1183 in
430 1143 508 1183 alia
527 1156 695 1197 quoque
712 1149 896 1184 veterum
912 1143 1303 1184 Jurisconsultorum
1329 1143 1481 1197 scripta
1508 1156 1639 1196 aeque
1654 1157 1730 1184 va-

367 1216 438 1256 let.
503 1215 631 1270 Cujus
649 1216 710 1255 rei
725 1211 1085 1269 locupletissimum
1103 1213 1376 1254 testimonium
1392 1213 1667 1255 Mosaicarum
1690 1220 1732 1256 et

367 1288 649 1328 Romanarum
665 1288 807 1342 legum
829 1286 1006 1328 Collatio
1024 1287 1220 1342 praebet,
1260 1292 1405 1340 utpote
1428 1300 1535 1340 quae
1567 1287 1732 1328 cuilibet

367 1372 504 1412 paene
527 1359 650 1413 capiti
677 1373 702 1398 a
727 1359 1107 1399 Jureconsultorum
1136 1356 1295 1412 scriptis
1317 1358 1447 1413 petito
1471 1358 1630 1399 titulum
1650 1372 1731 1399 non

367 1431 499 1470 minus
514 1460 526 1482 ,
557 1444 683 1483 quam
698 1430 867 1484 librum,
900 1444 982 1484 quo
1008 1429 1352 1484 comprehensum
1375 1429 1519 1482 fuerit,
1550 1445 1732 1486 praepo-

367 1502 436 1542 nit.
500 1501 648 1554 Neque
670 1501 711 1540 in
737 1502 940 1542 Vaticanis
950 1502 1055 1557 juris
1074 1501 1252 1547 Romani
1269 1499 1525 1555 Fragmentis
1547 1501 1661 1543 deest
1678 1503 1731 1543 ti-

367 1573 546 1613 tulorum
573 1572 628 1612 ad
656 1572 1051 1615 Jurisconsultorum
1082 1573 1207 1614 libros
1244 1573 1532 1627 pertinentium
1569 1575 1732 1627 mentio,

370 1645 472 1686 sicut
491 1645 728 1699 intelligitur
752 1658 804 1685 ex
829 1641 903 1701 §§.
931 1644 1168 1697 {lo—93„
1215 1642 1392 1701 §.1⁰8.
1424 1644 1514 1698 (ubi
1528 1650 1662 1686 tamen
1680 1646 1734 1686 ti·-

370 1716 443 1757 tuli
469 1715 783 1771 descriptionem
814 1716 892 1757 alia
929 1730 1053 1758 manu
1080 1715 1262 1757 additam
1287 1731 1377 1758 esse
1408 1718 1483 1758 An
1490 1731 1532 1773 g.
1558 1717 1664 1774 Maj
1677 1733 1732 1760 us

371 1787 654 1837 animadvertit
663 1788 696 1842 ,)
728 1794 851 1842 atque
869 1786 911 1844 ἓ.
930 1788 1035 1828 227.
1058 1788 1162 1842 (quo
1182 1789 1276 1829 loco
1295 1802 1377 1829 non
1403 1790 1528 1842 tituli,
1560 1790 1634 1830 sed
1655 1803 1735 1832 ru-

371 1859 526 1901 bricae
549 1860 797 1901 vocabulum
828 1874 904 1915 per
940 1860 1096 1900 literam
1124 1860 1177 1900 R.
1201 1861 1471 1916 significatum
1503 1863 1735 1918 invenitur.)

370 1933 529 1972 Pariter
544 1931 587 1972 in
604 1931 911 1973 consultatione
930 1933 1078 1972 veteris
1094 1931 1379 1972 Jurisconsulti
1395 1947 1431 1974 c.
1452 1932 1607 1974 4—-1
1638 1935 1735 1990 plu-

371 2017 438 2046 res
460 2004 610 2045 Pauli
633 1995 931 2046 Sententiarum
949 2003 1049 2045 tituli
1069 2010 1459 2055 commemorantur-3
1492 2005 1604 2059 quod
1624 2007 1735 2047 idem

371 2077 413 2118 in
451 2077 571 2132 Lege
609 2077 800 2117 Romana
837 2075 1180 2133 Burgundionum
1214 2067 1410 2125 nonnullis
1445 2077 1545 2119 locis
1573 2067 1651 2128 fit‚'
1690 2084 1736 2121 ut

371 2151 430 2192 tit.
457 2150 551 2202 1V.,
605 2149 657 2194 V.
700 2149 799 2206 (ubi
830 2151 951 2192 etiam
1003 2149 1079 2192 Ga
1082 2148 1129 2205 ji
1180 2149 1323 2203 aliquis
1354 2151 1490 2193 titulus
1526 2153 1734 2207 refertum)

374 2223 433 2262 tit.
476 2223 586 2263 XlII.
636 2229 760 2278 atque
805 2222 996 2264 XXVIII.
1048 2222 1131 2276 (ex
1172 2220 1267 2265 edit.
1313 2222 1622 2280 Barkovii.)
1672 2222 1734 2258 -ὲ

375 2292 530 2335 Omnes
557 2295 679 2350 igitur
703 2296 827 2337 hasce
857 2296 1065 2338 titulorum
1096 2294 1384 2351 descriptiones
1414 2299 1572 2354 spurias
1590 2310 1680 2338 esse
1693 2303 1735 2338 et

374 2368 440 2408 vel
471 2367 525 2407 ab
552 2368 782 2408 auctoribus
807 2369 986 2421 illarum,
1027 2381 1128 2422 quas
1141 2370 1408 2422 enumeravi,
1431 2369 1536 2426 juris
1558 2369 1734 2411 Romani

373 2440 656 2494 reliquiarum,
687 2440 753 2480 vel
771 2455 795 2480 a
813 2441 983 2482 librariis
1005 2442 1132 2493 fictas,
1148 2442 1215 2483 vix
1230 2443 1367 2484 licebit
1378 2448 1578 2492 ‹statuere;
1608 2443 1733 2484 immo

363 2510 497 2567 ‚longe
515 2512 769 2568 probabilius
787 2518 868 2562 est,
898 2513 941 2553 in
957 2513 1054 2569 ipsis
1082 2519 1265 2555 veterum
1281 2513 1658 2556 Jureconsultorun'i
1681 2515 1732 2555 li-

375 2582 459 2625 bris
494 2585 628 2628 titulos
659 2584 744 2627 sive
775 2586 957 2628 rubricas
982 2586 1118 2629 solitas
1148 2601 1236 2628 esse
1264 2587 1522 2641 frequentari.
1584 2588 1731 2640 Neque

375 2670 474 2699 vero
491 2656 596 2699 haec
615 2660 810 2701 sententia
828 2673 879 2701 eo
893 2660 1103 2714 refutatur,
1122 2659 1235 2715 quod
1252 2659 1524 2704 Jureconsulti
1543 2660 1730 2711 Romani,
