1784 3123
973 171 998 199 ⁸*
1389 185 1449 230 15

23 332 28 337 .
105 291 429 350 exemplaribus
453 288 682 339 rubricas,
713 285 877 343 abitque
900 300 1182 334 numerorum
1204 288 1450 333 distinctio-

103 380 181 420 πθ,
229 361 480 423 supremum
497 357 724 418 ,cujusque
753 361 959 418 paginae
1010 361 1155 403 locum
1200 360 1449 416 obtinuisse,

98 444 260 495 postea
278 449 385 479 vero
405 448 437 474 a
468 430 670 475 librariis
690 447 715 475 e
743 448 821 475 suo
847 435 945 476 loco
976 433 1170 475 dimotas
1194 440 1239 476 et
1261 434 1455 491 singulis

104 509 323 566 capitibus
366 504 643 558 articulisve,
699 506 849 562 quibus
895 518 1146 561 congruere
1183 507 1455 559 viderentur,

102 577 532 624 numerorumetiam
546 577 660 619 serie
679 579 901 631 adhibita,
925 576 1219 634 praepositae
1241 593 1354 633 esse,
1386 580 1457 622 ita
1494 578 1505 584 ”

100 661 174 707 ut,
217 663 329 708 quae
350 649 482 690 hodie
510 655 657 692 exstat
689 652 915 693 titulorum
945 650 1206 707 descriptio,
1254 664 1339 693 non
1369 653 1455 709 ipsi

108 724 348 782 Ulpiano
379 723 448 764 vel
463 722 528 775 iis,
554 723 635 780 ,qui
656 725 961 781 antiquissima
977 722 1102 776 libri,
1138 723 1196 765 de
1214 738 1298 780 quo
1319 740 1454 781 quae-

100 800 265 848 rimus,
297 796 571 852 exemplaria
589 797 890 854 confecerunt,
922 798 1005 839 sed
1036 796 1239 840 librariis
1268 799 1454 841 serioris

100 871 200 912 aevi
230 873 419 925 accepta
448 868 689 924 reserenda
719 870 789 911 eit.
875 870 939 911 Ac
970 883 1093 910 causa
1131 870 1298 923 quidem
1329 871 1453 926 hujus

98 942 384 985 immutationis
410 941 523 981 haud
544 942 650 993 scio,
681 957 732 982 an
753 942 1021 997 probabiliter
1039 957 1090 984 ex
1117 957 1167 983 eo
1195 945 1327 998 repeti
1348 958 1451 998 pos-

96 1017 171 1069 sit,
219 1015 334 1071 quod
368 1028 444 1070 per
470 1015 795 1055 constitutionum
828 1014 1011 1067 codices,
1054 1029 1203 1069 nempe
1245 1016 1450 1071 Grego-

99 1090 322 1138 rianum,
386 1086 860 1139 Hermogenianum
910 1092 951 1127 et
1001 1087 1449 1140 Theodoshnum,

98 1162 278 1214 aliasque
287 1158 389 1214 juris
408 1158 686 1210 collectiones,
718 1163 760 1199 et
784 1159 956 1200 maxime
982 1159 1147 1213 quidem
1168 1174 1246 1214 per
1277 1160 1308 1200 J
1317 1161 1450 1200 usti-

64 1288 67 1289 ?
99 1232 279 1276 nianei
301 1230 415 1286 juris
431 1230 554 1271 libros
586 1236 799 1285 tantopere
827 1231 1092 1285 pervulgatus
1130 1237 1218 1272 erat
1242 1232 1453 1272 titulorum

99 1303 476 1361 distinguendorum
505 1316 614 1354 mos,
653 1308 699 1343 ut
724 1316 818 1345 eum
846 1302 997 1342 librarii
1021 1303 1064 1342 in
1088 1303 1177 1344 aliis
1206 1317 1372 1357 quoque
1399 1304 1452 1344 li-

98 1380 181 1421 bris
204 1376 312 1434 juris
336 1375 569 1416 imitandum
594 1375 668 1414 sibi
697 1388 747 1414 ac
777 1375 1030 1428 sequendum
1059 1375 1265 1418 ducerent.
1343 1375 1450 1416 Illud

97 1465 196 1494 vero
211 1461 294 1492 non
312 1454 374 1490 est
391 1445 814 1503 praetermittendum,
843 1447 887 1487 in
912 1445 1102 1489 rubricis
1135 1461 1334 1489 summae
1355 1447 1450 1489 sin-

96 1526 313 1582 gularum
337 1520 617 1576 paginarum
659 1532 769 1560 orae
807 1519 1005 1561 adscribi
1044 1519 1185 1561 solitis
1215 1520 1336 1561 facile
1366 1534 1450 1577 po-

97 1598 216 1639 tuisse
235 1608 312 1636 usu
335 1593 470 1633 venire
483 1622 495 1644 ,
526 1597 613 1632 tum
638 1597 701 1642 ut,
736 1592 769 1631 si
796 1592 932 1644 plures
953 1591 1102 1638 diversi
1128 1592 1289 1646 generis
1316 1604 1449 1645 quae-

97 1669 244 1710 stiones
269 1665 416 1707 eadem
440 1665 591 1719 pagina
617 1663 931 1714 continerentur,
979 1677 1063 1703 non
1094 1665 1169 1704 toti
1202 1662 1289 1718 ejus
1320 1676 1450 1717 argu-

95 1746 254 1791 mento,
298 1737 372 1779 sed
400 1750 450 1776 ex
478 1741 595 1790 parte
621 1737 796 1785 tantum,
839 1733 1002 1776 rubrica
1027 1735 1319 1792 responderet,
1363 1736 1452 1777 sive

95 1811 309 1870 principali
332 1813 597 1864 argumento,
641 1806 724 1847 sive
751 1807 809 1858 ei,
860 1808 973 1861 quod
988 1810 1187 1865 ,proxime
1212 1815 1450 1864 sequeretur

95 1885 318 1934 rubricam,
349 1881 416 1922 vel
439 1881 570 1921 'etiam
595 1885 815 1919 extremam
836 1882 1032 1936 paginam
1052 1888 1301 1937 occuparet,
1322 1887 1449 1937 prout

96 1958 249 1999 scilicet
274 1954 463 2008 scriptori
485 1948 552 1993 rel
573 1953 737 1992 librario
767 1952 891 1992 visum
920 1959 1048 2005 esset,
1080 1961 1167 1994 tum
1188 1960 1233 1994 ut
1262 1954 1448 1995 diverso-

94 2041 187 2069 rum
202 2026 389 2086 ejusdem
409 2026 502 2065 libri
531 2024 822 2078 exemplarium
851 2037 974 2066 manu
998 2026 1241 2080 scriptorum
1261 2026 1447 2066 rubricae

95 2100 261 2155 singulis
280 2098 442 2153 paginis
462 2096 721 2152 praepositae
751 2096 998 2149 aliquantum
1018 2097 1122 2136 inter
1153 2112 1195 2137 se
1222 2096 1445 2148 differrent,

95 2170 427 2226 quandoquidem
454 2169 563 2209 aliud
585 2168 797 2223 >exemplar
825 2168 904 2208 alio
932 2168 998 2208 vel
1025 2168 1248 2223 majoribus
1274 2169 1342 2210 vel
1364 2169 1446 2211 mi-

95 2246 257 2285 noribus
281 2241 440 2300 paginis
464 2245 685 2293 constaret,
718 2246 839 2294 atque
861 2241 1070 2283 literarum
1094 2242 1227 2283 forma
1253 2243 1320 2283 vel
1343 2243 1445 2283 scri-

94 2322 239 2372 pturae
263 2317 364 2358 ratio
375 2310 555 2369 ¹amplior
572 2318 676 2353 esset
699 2313 895 2371 latiorque
913 2313 954 2354 in
971 2314 1051 2355 alio
1071 2315 1312 2370 exemplari,
1344 2328 1445 2355 con-

94 2388 259 2429 tractior
284 2390 329 2429 in
357 2389 458 2439 alio,
489 2387 544 2427 ita
571 2391 618 2426 ut
636 2385 819 2439 singulae
847 2385 1016 2427 aliorum
1043 2388 1331 2443 exemplarium
1349 2386 1444 2439 plus

94 2461 273 2502 minusve
286 2491 298 2512 ,
329 2475 453 2514 quam
471 2459 639 2501 aliorum
657 2458 834 2513 paginae
858 2458 1276 2514 comprehenderent,
1308 2471 1445 2512 neque

94 2532 217 2587 igitur
233 2532 273 2572 in
293 2533 479 2573 omnibus
500 2530 686 2587 ejusdem
703 2530 795 2571 libri
814 2532 1109 2587 exemplaribus
1130 2530 1298 2572 eaedem
1319 2531 1444 2586 plane

94 2606 279 2648 rubricae
312 2605 560 2661 singularum
601 2603 844 2661 paginarum
886 2610 1126 2662 argumento
1167 2604 1442 2658 convenirent,
