1784 3123
326 346 404 386 ties
425 359 469 386 se
487 344 669 398 obligare
687 334 753 381 vel
771 340 886 381 civile
903 331 1112 397 negotium
1129 341 1281 396 gerere
1295 340 1466 394 velient,
1483 342 1608 384 facile
1619 342 1684 383 ἤιε

328 417 554 472 telligatur,
594 428 671 455 nec
699 413 847 454 dotem·
862 413 917 453 'ab
942 415 1038 468 ipsis
1064 415 1148 455 sine
1169 413 1320 455 tutoris
1332 413 1576 465 auctoritate
1599 414 1693 455 dici

329 489 519 545 potuisse.
583 486 801 526 Praeterea
818 498 917 526 vero
932 486 1255 539 incommodum,
1286 483 1399 540 quod
1416 485 1469 526 de
1489 485 1689 540 scriptura

330 561 480 601 codicis
495 559 654 608 notavi,
684 559 725 598 in
743 557 905 598 defectu
924 559 1167 612 particulae,
1199 544 1282 613 ‹jua
1307 550 1528 611 sequentia
1541 557 1690 598 verba:

328 645 503 693 „parens
519 630 695 673 mulieris
705 632 731 655 “
749 635 823 672 etc.
844 643 938 670 cum
960 630 1292 673 antecedentibus
1314 629 1689 686 copulentur-‚qw-

330 707 463 758 situm,
484 705 725 759 ¹conjectura
749 704 823 742 ista
840 707 928 742 'non
948 702 1080 742 ¹modo
1102 716 1185 742 non
1206 705 1377 755 tollitur,
1410 715 1550 744 verum
1566 701 1690 754 etiam

329 791 483 818 novum
500 776 686 824 affertur,
719 775 874 830 quippe
892 788 986 815 cum
1002 774 1129 815 verba
1143 774 1231 816 illa:
1265 773 1443 831 „judas
1461 776 1607 819 tuton-‘⁶
1622 773 1690 815 iti-

332 851 429 891 dem
469 849 579 890 omni
619 854 782 888 careant
794 880 806 899 ‚
858 861 942 901 quo
969 861 1061 887 cum
1083 847 1414 896 antecedentibus
1433 848 1706 896 cohaereant?

331 922 503 962 vinculo.
568 920 730 971 Quodsi
749 921 801 960 ab
818 920 899 961 hoc
919 933 999 960 uno
1019 920 1248 960 discesseris
1267 919 1542 972 incommodo,
1557 924 1692 974 cetera

331 998 592 1047 argumenta,
611 993 771 1045 ‚quibus
799 992 1074 1047 conjecturam
1106 991 1269 1031 editioni
1293 991 1506 1032 Parisiensi
1535 989 1692 1031 adscri-

329 1071 444 1120 ptam
456 1063 583 1107 modo
599 1065 849 1120 impugnavi,
871 1065 1022 1120 pariter
1032 1065 1151 1105 etiam
1171 1065 1247 1106 Ro
1261 1079 1285 1106 e
1295 1064 1406 1106 veri
1421 1061 1694 1104 emendationi

330 1138 356 1177 l.
382 1152 418 1178 c.
434 1138 671 1191 propositae
691 1138 864 1177 obstant.
928 1137 966 1176 Is
987 1138 1093 1176 enim
1115 1152 1166 1177 ex
1195 1138 1264 1178 illo
1283 1167 1310 1189 ‚,
1319 1138 1542 1178 institutus
1550 1137 1577 1160 “
1594 1135 1694 1176 effi-

332 1208 524 1249 ciendum
547 1215 687 1263 putat:
716 1209 848 1261 „item
870 1214 911 1249 et
931 1212 1097 1251 natm-⁴⁶.
1133 1234 1187 1241 —
1253 1210 1441 1264 Denique
1471 1205 1622 1264 Hugo
1652 1207 1695 1249 in

332 1281 522 1321 Addend.
543 1287 583 1320 et
599 1281 760 1334 Cerri-g.
782 1281 871 1320 Jur.
894 1281 969 1321 civ.
990 1281 1191 1333 Antejust.·
1211 1282 1333 1321 Tom.
1351 1279 1401 1320 11'.
1422 1295 1464 1335 p.
1485 1279 1620 1319 1604.
1639 1278 1694 1318 ad

333 1351 702 1406 illum-Ulpiani
731 1353 868 1393 locum
887 1351 990 1392 haec
1017 1358 1153 1394 notat:
1192 1353 1310 1404 „Sub
1340 1366 1444 1394 voce
1471 1352 1695 1395 institutus

334 1424 442 1464 forte
458 1425 559 1464 latet
576 1437 679 1475 voit,
712 1438 834 1477 quam
854 1430 896 1465 et
913 1425 1178 1478 praecedere,
1210 1426 1425 1480 explicatio
1444 1426 1560 1478 sequi
1577 1424 1694 1464 vide-

332 1500 408 1536 tur.
474 1495 520 1536 Si
551 1507 602 1535 ex
624 1495 850 1538 institutus
878 1496 1061 1537 effeceris
1072 1494 1226 1551 justae
1252 1497 1393 1550 dotis,
1424 1496 1697 1553 repetendum

335 1574 441 1610 esset
456 1574 577 1609 antea
593 1573 636 1609 et
659 1566 875 1609 debitor-⁶⁶.
938 1569 1088 1609 Postea
1106 1575 1240 1609 tamen
1258 1570 1346 1623 ipse
1358 1570 1466 1609 hanc
1484 1569 1696 1623 conjectu-

334 1654 422 1681 ram
440 1640 601 1680 videtur
617 1640 895 1693 improbasse,
941 1640 1097 1694 quippe
1121 1641 1190 1693 qui
1216 1640 1256 1680 in
1283 1640 1497 1680 novissima
1521 1639 1697 1680 editione

335 1712 489 1752 nullam
516 1711 687 1765 amplius
706 1711 795 1766 ejus
818 1711 1063 1751 mentionem
1089 1711 1244 1753 fecerit.
1305 1712 1395 1752 Nec
1419 1725 1515 1752 sane
1530 1711 1697 1767 probari

339 1789 500 1838 potest,
531 1788 619 1823 tum
652 1784 746 1837 quia
779 1785 905 1838 paulo
938 1783 1142 1824 difficilior
1173 1788 1234 1824 est
1264 1784 1340 1823 ista
1371 1783 1596 1837 scripturae
1629 1797 1696 1823 co-

338 1855 439 1895 dicis
476 1859 665 1905 mutatio,
697 1869 803 1908 quae
834 1856 1163 1910 supplementum
1194 1868 1360 1909 quoque
1391 1868 1556 1897 necesse
1572 1854 1699 1895 habet

336 1928 379 1968 in
404 1927 594 1968 auxilium
623 1941 793 1978 vocare,
832 1933 921 1968 tum
947 1928 1041 1980 quia
1057 1925 1212 1981 justae
1237 1928 1342 1968 dotis
1362 1927 1584 1981 appellatio
1603 1940 1697 1968 nus-

340 2012 488 2052 quam,
520 1998 634 2051 quod
655 1999 791 2049 sciam,
823 1996 971 2050 injure
989 1997 1179 2037 Romano
1196 1998 1405 2038 invenitur.
1436 2021 1500 2029 —
1558 1998 1697 2051 Atque

340 2084 422 2126 ego
457 2070 625 2124 quidem
664 2068 872 2123 quomodo
908 2056 1090 2122 vitffifii
1116 2067 1235 2110 istam
1271 2069 1421 2111 codicis
1455 2070 1697 2125 scripturam

339 2141 639 2182 emendandam
654 2143 897 2192 existimem,
927 2140 1068 2196 jamin
1085 2142 1360 2183 dissertatione
1377 2142 1515 2183 critica
1534 2142 1590 2183 de
1606 2141 1696 2183 Ul-

338 2200 486 2268 piani
516 2213 774 2269 Fragmentis
790 2230 832 2270 p.
847 2215 889 2259 Ἰ.
909 2222 951 2255 et
969 2214 1009 2257 8.
1028 2215 1271 2270 significavi3
1296 2215 1573 2258 demonstrare
1589 2216 1698 2259 enim

342 2286 499 2335 studui,
527 2290 618 2340 'pro
646 2288 923 2339 „institutus“
951 2288 1036 2341 legi
1062 2294 1277 2342 oportere:
1317 2289 1433 2330 item.
1495 2287 1560 2327 De
1581 2287 1696 2343 cujus

342 2356 630 2399 emendationis
658 2358 743 2400 fide
771 2373 864 2399 cum
888 2360 1106 2400 certissime
1135 2360 1234 2400 mihi
1258 2360 1497 2415 persuasum
1515 2359 1583 2411 sit,
1612 2359 1697 2401 hoc

340 2429 434 2469 loco
453 2433 545 2469 eam
562 2443 643 2469 non
663 2430 863 2470 duxissem
882 2432 1167 2486 repetendam,
1206 2432 1283 2472 nisi
1307 2431 1502 2472 haberem
1532 2430 1696 2485 aliquid,

342 2501 456 2554 quod
473 2500 706 2557 adjicerem.
747 2503 911 2544 Scilicet
928 2510 1090 2560 praeter
1113 2503 1602 2559 exspectationemnuper
1619 2502 1695 2542 de·-

345 2586 457 2615 mum
475 2586 500 2615 a
512 2575 668 2631 juvene
683 2562 970 2628 literatissimo,
1002 2577 1052 2617 E.
1071 2577 1114 2617 H
1126 2578 1172 2617 ei
1183 2576 1438 2628 mbachio,
1456 2589 1593 2630 -quem
1608 2573 1695 2613 ho-

344 2646 453 2686 noris
474 2661 594 2689 causa
609 2649 796 2700 nomino,
838 2663 887 2690 ea
904 2650 957 2691 de
975 2664 1021 2691 re
1047 2648 1272 2690 admonitus
1297 2649 1500 2705 comperi,
1533 2646 1625 2701 jam
1641 2645 1695 2686 ab
