1784 3123
1477 224 1509 268 5

116 379 118 383 .
163 341 230 368 sus
252 327 461 369 discedere
481 332 522 367 et
542 326 596 366 de
617 325 695 364 alio
720 324 835 366 fonte
861 325 1040 381 cogitare
1057 327 1191 378 malit,
1224 327 1400 368 tertium
1418 329 1507 370 Re-

159 400 347 454 gularum
366 406 480 454 opus
487 397 671 452 pluribus
689 396 798 436 libris
818 399 1084 453 compositum
1105 399 1330 454 Ulpiano
1354 398 1507 439 adscri—

160 471 277 520 bere3
310 477 351 511 at
367 470 485 509 huius
500 478 699 522 nusquam
716 482 792 509 nec
813 471 905 510 vola
923 484 1002 510 nec
1017 472 1432 526 vestigiumapparet.
1446 496 1509 503 —
1539 497 1541 500 <

157 542 303 583 Ex‘his
321 541 463 596 igitur,
497 553 602 593 quae
630 539 756 580 modo
787 540 1009 595 disputavi,
1042 542 1152 582 effici
1172 543 1349 595 videtur,
1364 592 1367 595 .
1382 548 1426 584 ut
1455 557 1508 585 ne

155 615 268 655 novis
294 613 478 667 quidem,
512 620 617 667 quae
639 614 789 668 Hugo
814 615 963 666 attulit,
1005 615 1252 669 argumentis
1284 614 1511 656 labefacte-'

155 691 221 726 tur
240 685 434 735 sententia
453 685 544 737 illa,
577 700 697 739 quam
726 687 934 740 superiore
965 687 1242 728 dissertatione
1270 693 1506 740 persecutus

144 769 264 807 sum,
296 755 348 795 ab
375 756 589 812 Ulpiani
609 758 721 799 libro
742 759 971 814 singulari
996 759 1286 814 Regularum
1309 759 1523 823 originem¹
1552 776 1556 779 ’
1586 755 1589 758 ’
1635 759 1638 763 ’

153 826 489 883 Fragmentorum
508 835 735 871 nostrorum
750 845 840 872 esse
861 831 1140 887 repetendam.

276 900 373 939 Jam
391 901 444 941 de
473 903 794 956 inscriptionibus
826 917 897 943 seu
927 904 1115 954 rubricis,
1165 917 1266 955 quas
1293 903 1337 942 in
1362 904 1506 944 codice

151 971 486 1030 Fragmentorum
502 981 727 1016 nostrorum
747 987 829 1016 non
848 976 979 1016 solum
999 975 1132 1016 statim
1154 975 1205 1015 ab
1224 974 1348 1027 initio,
1380 989 1505 1030 prae-
1557 974 1562 977 ’

150 1045 270 1085 missa
282 1051 435 1085 tantum
448 1060 606 1086 morum
623 1047 876 1097 definitione,
907 1061 988 1087 una
1009 1047 1110 1086 serie
1126 1054 1397 1098 enumeratas,
1429 1062 1504 1088 ve-

149 1131 239 1158 rum
256 1118 378 1158 etiam
398 1118 572 1173 singulas
593 1119 758 1173 singulis
778 1119 975 1174 capitibus
996 1118 1223 1158 articulisve
1247 1120 1502 1174 praepositas

147 1190 368 1241 invenimus
380 1221 391 1241 ,
434 1191 728 1245 dispiciendum
759 1198 840 1242 est,
893 1198 1028 1232 utrum
1060 1192 1112 1230 ab
1143 1192 1236 1243 ipso
1269 1190 1503 1243 Ulpiano

147 1263 372 1317 profectae,
405 1277 455 1304 an
471 1263 630 1303 aliunde
643 1263 778 1305 illatae
794 1255 1027 1313 videantur;
1060 1277 1141 1316 qua
1159 1262 1211 1302 de
1231 1275 1276 1302 re
1293 1262 1335 1302 in
1350 1267 1504 1304 utram-

148 1349 229 1387 que
254 1342 411 1389 partem
438 1342 479 1376 et
502 1341 637 1389 potest
677 1337 874 1389 disputari
904 1341 944 1375 et
976 1348 1120 1374 revera
1150 1335 1399 1388 disputatum
1429 1341 1501 1376 est.

149 1406 219 1447 Cu
220 1407 392 1462 jacius
415 1408 521 1447 enim
545 1409 588 1447 in
610 1407 868 1447 adnotatione
898 1406 952 1445 ad
975 1405 1318 1461 Fragmentorum
1342 1412 1502 1447 nostro—

145 1493 236 1518 rum
252 1480 309 1519 tit.
328 1480 496 1519 XXVII.
511 1476 553 1533 §.
574 1476 617 1518 5.
651 1478 773 1529 „Eae
797 1478 1050 1527 sectiones,“
1080 1479 1225 1529 inquit,
1266 1492 1383 1527 „non
1407 1485 1502 1518 sunt
1545 1505 1599 1536 f>-

144 1550 378 1606 Ulpiani,
411 1550 632 1604 quinimmo
655 1554 746 1590 sunt
768 1549 900 1589 omnia
919 1562 1011 1588 meo
1029 1546 1188 1601 judicio
1215 1547 1394 1602 legenda
1416 1563 1499 1590 uno
1518 1549 1521 1571 ³

145 1629 354 1674 contextu,
388 1623 443 1663 eis
471 1623 635 1675 quidem
663 1627 771 1661 certe
792 1621 889 1659 nihil
919 1625 982 1663 est
1000 1620 1332 1668 inconcinnius;“
1362 1621 1521 1660 idem··¹

79 1739 85 1745 ,
143 1710 224 1750 que
250 1696 337 1736 fere
360 1694 531 1735 eandem
556 1695 610 1734 ob
636 1704 796 1732 causam
834 1691 953 1730 etiam
989 1690 1042 1731 de
1082 1691 1234 1731 Pauli
1266 1692 1498 1733 Sententia-

141 1782 232 1809 rum
250 1768 393 1817 titulis,
433 1766 570 1819 quales
594 1766 635 1804 in
652 1764 768 1818 Lege
785 1763 974 1810 Romana
992 1764 1303 1818 visigothorum
1327 1771 1495 1817 exstant,

140 1840 194 1879 ad
213 1852 352 1879 earum
370 1839 437 1877 lib.
460 1837 510 1877 V.
528 1838 585 1876 tit.
608 1836 700 1878 XX.
719 1837 864 1877 statuit.
929 1837 1064 1886 Quam
1077 1837 1243 1889 quidem
1262 1838 1497 1891 opinionem

140 1925 236 1951 num
251 1916 395 1964 postea
411 1909 624 1950 mutaverit
643 1908 705 1947 vir
723 1922 918 1958 summus,
951 1908 995 1947 id
1017 1908 1129 1961 quod
1153 1922 1204 1948 ex
1230 1909 1313 1964 eius
1335 1907 1494 1949 Obser-
1517 1948 1519 1950 ,

141 1988 219 2024 vat.
242 1982 311 2021 lib.
338 1982 450 2022 XIX.
483 1991 519 2022 c.
545 1980 617 2022 30.
637 1986 758 2033 atque
784 1981 851 2020 lib.
879 1981 989 2020 XXI.
1019 1996 1052 2022 c.
1079 1980 1151 2021 21.
1215 1980 1493 2021 Schultin-

140 2056 255 2110 gius
278 2055 320 2094 in
345 2054 522 2109 Jurispr.
547 2051 749 2107 'Antejust
780 2052 834 2092 ad
861 2053 1164 2106 inscriptionem
1195 2052 1492 2093 Sententiarum
1570 2076 1575 2083 ·

139 2127 286 2169 Pauli
313 2140 354 2180 p.
385 2125 489 2168 213.
516 2131 557 2166 et
579 2125 633 2165 ad
660 2139 798 2165 earum
817 2125 883 2164 lib.
904 2125 953 2165 V.
974 2126 1032 2165 tit.
1054 2126 1143 2166 XX.
1160 2131 1240 2164 not.
1262 2124 1302 2164 1.
1324 2125 1491 2179 colligit,

138 2201 180 2239 in
197 2198 334 2239 medio
352 2197 547 2250 relinquo.
610 2199 699 2238 Nec
720 2211 817 2238 vero
834 2195 1022 2248 defuere,
1055 2197 1125 2249 qui
1143 2197 1260 2237 istam
1284 2195 1356 2236 Cu
1358 2196 1492 2251 jacii

113 2280 115 2284 ’
140 2273 408 2327 suspicionem
429 2270 738 2324 impugnarent3
769 2269 878 2309 velut
906 2268 936 2308 S
950 2268 1278 2324 chultingius
1292 2300 1304 2321 ,
1336 2269 1491 2324 quippe

139 2345 208 2396 qui
227 2346 267 2384 in
283 2345 386 2384 libro
406 2342 525 2382 citato
544 2341 621 2381 sub
641 2341 751 2382 initio
776 2347 817 2382 et
836 2341 1135 2382 Sententiarum
1152 2342 1306 2382 Pauli
1322 2356 1365 2397 p.
1385 2339 1489 2381 213.

139 2421 180 2457 et
193 2415 532 2470 Fragmentorum
548 2413 761 2468 Ulpiani
774 2429 817 2469 p.
834 2410 936 2454 560.
958 2414 1011 2455 de
1027 2415 1148 2455 titulis
1165 2416 1370 2467 utriusque
1382 2426 1488 2467 ope-

138 2488 190 2528 ris
211 2487 265 2527 ita
288 2488 486 2543 disputat,
516 2492 580 2540 ut,
606 2487 787 2540 quamvis
808 2488 848 2527 in
868 2475 1037 2542 singulis
1057 2502 1197 2528 eorum
1214 2486 1312 2527 locis
1334 2485 1488 2539 depra-
1506 2525 1510 2530 ,
1573 2516 1577 2518 »

138 2559 305 2602 vationis
322 2562 494 2615 vestigia
511 2560 624 2601 haud
640 2559 877 2611 diffiteatur,
908 2566 1044 2601 tamen
1061 2562 1102 2600 in
1119 2561 1349 2600 universum
1363 2559 1488 2599 fidem

140 2646 282 2675 eorum
299 2633 658 2688 auctoritatemque
677 2631 880 2686 defendat,
911 2632 1037 2687 idque
1059 2633 1219 2674 omnino
1241 2631 1349 2673 dicat
1364 2631 1486 2673 moris
