1784 3123
210 331 214 335 ·
248 304 339 362 jam
362 309 455 346 suut
474 292 516 344 in
531 303 734 359 integrum
750 302 933 344 restituta
950 314 1029 343 nec
1049 299 1274 357 quidquam
1299 299 1480 357 ampEufiJ
1498 303 1618 352 (lubir

162 383 175 395 Χ
255 376 605 429 tationis.habent‚
639 376 692 418 de
705 363 912 433 ‘ejusmodi
926 380 1081 417 tantum
1098 374 1234 418 verbis
1258 375 1511 430 sententiisve
1528 379 1618 421 dis-

257 456 422 506 putem,
450 462 556 502 quae
574 450 709 491 adhuc
726 449 912 491 videntur
927 449 1129 489 medicina
1147 445 1416 505 indigere.'—
1444 449 1532 490 Sed
1541 453 1618 493 sin-

256 523 448 578 gulorum
464 522 645 577 capitum
663 520 889 564 tractationi
902 522 1207 575 praemittantur
1235 522 1489 576 quaestiones
1513 513 1618 564 non-

255 594 389 634 nullae
409 593 525 639 latius
543 599 728 647 patentes
740 624 751 645 ,
784 607 954 647 quarum
972 606 1053 633 una
1073 594 1114 633 in
1144 594 1226 633 Hu
1236 595 1361 648 goni
1373 583 1393 635 s
1424 593 1477 634 de
1506 594 1619 635 fonte
1664 597 1668 600 '

254 665 599 720 Fragmentorum
626 671 856 706 nostrorum
887 664 1081 706 sententia
1107 664 1358 706 recensenda
1385 666 1619 717 versabitur,

256 738 385 778 altera
404 737 458 777 ad
473 737 680 777 titulorum
697 738 780 777 sive
801 738 1051 778 rubricarum
1062 767 1075 789 ‚
1106 737 1253 790 quibus
1271 751 1321 778 ea
1347 737 1535 780 distincta
1551 752 1620 778 re-

255 810 466 866 perimus,
501 809 829 864 descriptionem,
862 811 980 851 tertia
997 809 1051 850 ad
1073 823 1220 850 novam
1241 810 1446 862 quandam
1460 811 1621 867 opinio-

260 896 380 934 nem,
422 881 477 921 de
500 869 757 936 Fragmentis
785 881 861 923 illis
889 896 1068 937 nupera
1107 882 1195 923 Ge.
1235 881 1386 926 Fred.
1417 883 1622 924 P-uchta

256 955 479 1010 prolatam,
510 953 738 1009 pertinebit.

382 1025 549 1067 Scilicet
564 1027 605 1066 in
627 1032 773 1066 octava
789 1032 911 1080 atque
934 1040 1041 1068 nona
1061 1025 1264 1090 Historiae
1276 1023 1511 1079 jurisRom.
1533 1024 1623 1064 edi-
1686 1044 1700 1047 -ν

256 1097 363 1138 tione
394 1097 476 1138 Hu
489 1110 555 1152 go
600 1097 857 1152 conjecerat,
898 1099 1167 1154 Fragmenta,
1208 1097 1262 1138 de
1285 1098 1430 1151 quibus
1459 1098 1621 1153 quaeri-

255 1184 366 1221 mus,
395 1170 644 1224 probabilius
663 1183 786 1224 posse
802 1171 857 1210 ad
894 1170 1129 1225 Ulpiani
1171 1169 1457 1224 Regularum
1486 1167 1624 1227 libyos

257 1247 443 1298 septeni,
489 1254 613 1295 quam
642 1240 804 1282 librum
831 1242 1113 1298 singularem
1138 1242 1293 1282 referri.
1370 1241 1511 1292 -Quam
1540 1254 1621 1296 ego

257 1314 535 1370 conjecturam
555 1314 598 1353 in
619 1312 893 1354 dissertatione
911 1328 1036 1369 supra
1052 1318 1369 1355 commemorata
1387 1327 1429 1368 p.
1442 1311 1515 1356 95.
1537 1327 1622 1367 seq.

257 1387 520 1442 impugnavi,
559 1399 654 1426 cum
680 1386 864 1440 pluribus
897 1388 1002 1440 aliis,
1039 1393 1128 1428 tum
1157 1400 1256 1427 vero
1285 1385 1407 1426 etiam
1429 1385 1511 1427 hoc
1530 1399 1623 1426 usus

257 1461 522 1514 argumento,
555 1458 671 1510 quod
691 1472 846 1499 summa
864 1458 1204 1515 Fragmentorum
1221 1464 1470 1511 nostrorum,
1503 1460 1624 1499 etiam

195 1518 197 1520 Ι
258 1532 292 1573 si
328 1530 639 1572 adsumserimus
670 1530 734 1582 id,
787 1532 901 1585 quod
938 1533 1155 1573 verisimile
1196 1533 1245 1572 sit
1281 1531 1483 1583 interisse,
1542 1544 1624 1579 non

258 1603 475 1645 commode
494 1602 680 1643 videatur
703 1603 747 1642 in
763 1608 923 1657 septem
939 1605 1064 1645 libros
1084 1605 1266 1646 distribui
1286 1617 1432 1658 posse,
1469 1603 1624 1658 quippe

258 1690 376 1727 cum,
409 1676 443 1715 si
464 1674 519 1715 ad
540 1674 772 1728 exemplum
789 1675 1086 1717 Institutionum
1118 1676 1259 1731 Gaji,
1292 1689 1465 1729 quarum
1493 1661 1624 1716 ordini

256 1748 510 1807 Fragmenta
540 1751 676 1786 nostra
710 1746 797 1786 fere
824 1747 1091 1802 respondent,
1143 1749 1343 1789 rationem
1381 1747 1624 1798 duxerimus,

255 1825 338 1861 tres
374 1819 467 1859 libri
509 1817 757 1873 superfuturi
790 1818 890 1871 sint,
936 1821 1080 1874 quibus
1119 1821 1221 1862 nihil
1262 1819 1460 1876 assignari
1490 1823 1624 1873 queat.

256 1893 394 1946 Atque
413 1892 496 1932 hoc
521 1890 689 1945 quidem
717 1897 1002 1945 argumentum
1032 1894 1110 1933 Hu
1123 1907 1188 1946 go
1219 1893 1262 1932 in
1283 1905 1454 1933 censura
1474 1891 1623 1932 disser-

258 1965 418 2005 tationis
438 1977 568 2014 meae,
590 1977 716 2016 quam
727 1963 1072 2017 Ephemeridibus
1089 1964 1191 2003 liter.
1224 1963 1409 2018 Gotting.
1427 1977 1463 2004 a.
1486 1962 1621 2005 1824.

203 2073 211 2077 -
257 2035 377 2078 Fasc.
401 2034 502 2076 169.
521 2049 563 2090 p.
587 2034 723 2076 1681.
745 2049 829 2089 seq.
854 2037 1020 2077 inseruit
1051 2041 1092 2076 et
1116 2035 1264 2076 deinde
1291 2035 1334 2076 in
1359 2035 1465 2076 libro
1493 2048 1623 2090 nuper

240 2109 371 2150 ,edito
384 2139 396 2160 ,
429 2108 500 2162 qui
525 2107 754 2148 inscribitur
773 2108 1009 2163 „Beytrfige
1040 2122 1113 2148 zur
1130 2107 1409 2149 civilistischen
1434 2107 1622 2149 Bucher-

259 2180 466 2221 kenntniss
487 2182 600 2221 etc.“
662 2180 783 2221 Tom.
803 2181 855 2222 11.
876 2195 919 2237 p.
938 2179 1042 2224 643.
1066 2194 1150 2235 seq.
1170 2180 1341 2236 repetiit,
1371 2181 1426 2222 ita
1444 2174 1621 2221 refiltare

261 2258 454 2304 conatur,
486 2259 532 2293 ut
547 2253 674 2294 tribus
689 2254 765 2293 illis
778 2284 790 2305 ,
823 2267 997 2308 quorum
1018 2254 1263 2294 mentionem
1284 2253 1389 2306 feci,
1426 2251 1536 2293 libris
1555 2252 1621 2292 di-

260 2330 329 2366 cat
347 2324 518 2366 fortasse
537 2323 615 2381 jus
625 2324 852 2382 publicum
887 2326 1115 2382 expositum
1149 2327 1294 2380 fuisse,
1330 2326 1486 2380 quippe
1510 2324 1622 2380 quod

260 2411 342 2438 non
371 2411 512 2438 omnes
540 2397 823 2439 Jurisconsulti
850 2400 1028 2439 Romani
1057 2401 1099 2440 in
1128 2400 1349 2441 Elementis
1378 2398 1458 2438 suis
1489 2411 1621 2452 aeque

260 2469 555 2525 praeterierint,
578 2475 699 2525 atque
730 2470 809 2512 Ga
809 2470 869 2526 ju
882 2485 900 2512 s
931 2471 973 2512 in
990 2471 1285 2514 Institutionum
1302 2469 1620 2513 Commentariis.

261 2541 319 2581 At
336 2555 438 2592 vero,
450 2542 596 2583 falsam
622 2558 709 2585 esse
727 2545 833 2585 hanc
855 2544 927 2585 viri
945 2545 1196 2585 celeberrimi
1219 2544 1471 2599 opinionem,
1501 2543 1619 2582 lucu-
1687 2594 1688 2597 Ἴ

261 2611 393 2655 lenter
408 2616 560 2669 poterit
575 2631 626 2658 ex
644 2617 692 2658 iis
709 2616 998 2669 demonstrari,
1039 2630 1145 2670 quae
1163 2617 1217 2659 de
1239 2617 1364 2659 tribus
1383 2612 1619 2672 posteriori-
