<?xml version="1.0" encoding="UTF-8"?>
<!DOCTYPE html PUBLIC "-//W3C//DTD XHTML 1.0 Transitional//EN"
    "http://www.w3.org/TR/xhtml1/DTD/xhtml1-transitional.dtd">
<html xmlns="http://www.w3.org/1999/xhtml" xml:lang="en" lang="en">
 <head>
  <title>
</title>
<meta http-equiv="Content-Type" content="text/html;charset=utf-8" />
  <meta name='ocr-system' content='tesseract 3.04.00' />
  <meta name='ocr-capabilities' content='ocr_page ocr_carea ocr_par ocr_line ocrx_word'/>
</head>
<body>
  <div class='ocr_page' id='page_1' title='image "4737353_0045.png"; bbox 0 0 1784 3123; ppageno 0'>
   <div class='ocr_carea' id='block_1_1' title="bbox 333 199 395 249">
    <p class='ocr_par' dir='ltr' id='par_1_1' title="bbox 333 199 395 249">
     <span class='ocr_line' id='line_1_1' title="bbox 333 199 395 249; baseline 0 0"><span class='ocrx_word' id='word_1_1' title='bbox 333 199 395 249; x_wconf 69' lang='lat'><strong>³2</strong></span> 
     </span>
    </p>
   </div>
   <div class='ocr_carea' id='block_1_2' title="bbox 303 298 1752 2666">
    <p class='ocr_par' dir='ltr' id='par_1_2' title="bbox 303 298 1752 2666">
     <span class='ocr_line' id='line_1_2' title="bbox 332 298 1691 360; baseline 0.003 -17"><span class='ocrx_word' id='word_1_2' title='bbox 332 303 495 345; x_wconf 78' lang='lat' dir='ltr'><strong>verbis:</strong></span> <span class='ocrx_word' id='word_1_3' title='bbox 537 301 654 354; x_wconf 78' lang='lat' dir='ltr'><strong>„sed</strong></span> <span class='ocrx_word' id='word_1_4' title='bbox 683 312 879 357; x_wconf 78' lang='lat' dir='ltr'><strong>poenam</strong></span> <span class='ocrx_word' id='word_1_5' title='bbox 905 313 1014 344; x_wconf 36' lang='lat' dir='ltr'><strong>&#39;non-</strong></span> <span class='ocrx_word' id='word_1_6' title='bbox 1029 298 1279 360; x_wconf 66' lang='lat' dir='ltr'><strong>injungit“3</strong></span> <span class='ocrx_word' id='word_1_7' title='bbox 1317 300 1492 355; x_wconf 74' lang='lat' dir='ltr'><strong>(quibus</strong></span> <span class='ocrx_word' id='word_1_8' title='bbox 1514 305 1554 345; x_wconf 80' lang='lat' dir='ltr'><strong>si·</strong></span> <span class='ocrx_word' id='word_1_9' title='bbox 1576 299 1691 359; x_wconf 62' lang='lat' dir='ltr'><strong>locas</strong></span> 
     </span>
     <span class='ocr_line' id='line_1_3' title="bbox 333 373 1692 433; baseline -0.002 -16"><span class='ocrx_word' id='word_1_10' title='bbox 333 375 475 429; x_wconf 65' lang='lat' dir='ltr'><strong>detur,</strong></span> <span class='ocrx_word' id='word_1_11' title='bbox 507 373 752 427; x_wconf 76' lang='lat' dir='ltr'><strong>etiambaec</strong></span> <span class='ocrx_word' id='word_1_12' title='bbox 782 373 1012 430; x_wconf 77' lang='lat' dir='ltr'><strong>adjicienda</strong></span> <span class='ocrx_word' id='word_1_13' title='bbox 1038 381 1173 418; x_wconf 85' lang='lat' dir='ltr'><strong>erunt:</strong></span> <span class='ocrx_word' id='word_1_14' title='bbox 1198 374 1361 429; x_wconf 84' lang='lat' dir='ltr'><strong>·ei,&#39;·qui</strong></span> <span class='ocrx_word' id='word_1_15' title='bbox 1383 378 1532 415; x_wconf 74' lang='lat' dir='ltr'><strong>contra</strong></span> <span class='ocrx_word' id='word_1_16' title='bbox 1551 377 1692 433; x_wconf 66' lang='lat' dir='ltr'><strong>legem</strong></span> 
     </span>
     <span class='ocr_line' id='line_1_4' title="bbox 330 446 1691 504; baseline 0.001 -15"><span class='ocrx_word' id='word_1_17' title='bbox 330 449 466 502; x_wconf 87' lang='lat' dir='ltr'><strong>fecit.)</strong></span> <span class='ocrx_word' id='word_1_18' title='bbox 531 446 660 498; x_wconf 81' lang='lat' dir='ltr'><strong>Quod</strong></span> <span class='ocrx_word' id='word_1_19' title='bbox 676 453 818 488; x_wconf 87' lang='lat' dir='ltr'><strong>contra</strong></span> <span class='ocrx_word' id='word_1_20' title='bbox 837 449 1059 502; x_wconf 88' lang='lat' dir='ltr'><strong>oportetin</strong></span> <span class='ocrx_word' id='word_1_21' title='bbox 1074 448 1462 504; x_wconf 28' lang='lat' dir='ltr'><strong>imperfectaevlegis</strong></span> <span class='ocrx_word' id='word_1_22' title='bbox 1487 446 1691 490; x_wconf 80' lang='lat' dir='ltr'><strong>definitio-</strong></span> 
     </span>
     <span class='ocr_line' id='line_1_5' title="bbox 329 517 1692 570; baseline 0.002 -10"><span class='ocrx_word' id='word_1_23' title='bbox 329 533 394 562; x_wconf 88' lang='lat' dir='ltr'><strong>ne.</strong></span> <span class='ocrx_word' id='word_1_24' title='bbox 458 518 601 570; x_wconf 81' lang='lat' dir='ltr'><strong>Quum</strong></span> <span class='ocrx_word' id='word_1_25' title='bbox 618 517 825 570; x_wconf 56' lang='lat' dir='ltr'><strong>enimfluc</strong></span> <span class='ocrx_word' id='word_1_26' title='bbox 840 519 1002 560; x_wconf 87' lang='lat' dir='ltr'><strong>nomine</strong></span> <span class='ocrx_word' id='word_1_27' title='bbox 1018 518 1319 562; x_wconf 78' lang='lat' dir='ltr'><strong>Macrobius</strong></span> <span class='ocrx_word' id='word_1_28' title='bbox 1342 521 1368 563; x_wconf 92' lang='lat' dir='ltr'><strong>l.</strong></span> <span class='ocrx_word' id='word_1_29' title='bbox 1389 533 1423 561; x_wconf 93' lang='lat' dir='ltr'><strong>c.</strong></span> <span class='ocrx_word' id='word_1_30' title='bbox 1454 519 1563 560; x_wconf 76' lang='lat' dir='ltr'><strong>«licat</strong></span> <span class='ocrx_word' id='word_1_31' title='bbox 1599 532 1692 563; x_wconf 76' lang='lat' dir='ltr'><strong>eam</strong></span> 
     </span>
     <span class='ocr_line' id='line_1_6' title="bbox 328 584 1752 648; baseline 0.004 -16"><span class='ocrx_word' id='word_1_32' title='bbox 328 591 468 647; x_wconf 85' lang='lat' dir='ltr'><strong>legem</strong></span> <span class='ocrx_word' id='word_1_33' title='bbox 517 592 721 647; x_wconf 88' lang='lat' dir='ltr'><strong>appellari</strong></span> <span class='ocrx_word' id='word_1_34' title='bbox 738 619 750 642; x_wconf 89' lang='lat'><strong>,</strong></span> <span class='ocrx_word' id='word_1_35' title='bbox 808 590 889 642; x_wconf 84' lang='lat' dir='ltr'><strong>„in</strong></span> <span class='ocrx_word' id='word_1_36' title='bbox 933 604 1022 647; x_wconf 81' lang='lat' dir='ltr'><strong>qua</strong></span> <span class='ocrx_word' id='word_1_37' title='bbox 1038 605 1048 620; x_wconf 84' lang='lat'><em>¹</em></span> <span class='ocrx_word' id='word_1_38' title='bbox 1062 592 1190 633; x_wconf 80' lang='lat' dir='ltr'><strong>nulla</strong></span> <span class='ocrx_word' id='word_1_39' title='bbox 1232 584 1516 635; x_wconf 73' lang='lat' dir='ltr'><strong>deviantibus·</strong></span> <span class='ocrx_word' id='word_1_40' title='bbox 1541 600 1693 648; x_wconf 71' lang='lat' dir='ltr'><strong>poem</strong></span> <span class='ocrx_word' id='word_1_41' title='bbox 1748 632 1752 637; x_wconf 91' lang='lat'><strong>.</strong></span> 
     </span>
     <span class='ocr_line' id='line_1_7' title="bbox 330 663 1692 719; baseline 0.001 -14"><span class='ocrx_word' id='word_1_42' title='bbox 330 664 599 715; x_wconf 80' lang='lat' dir='ltr'><strong>sancitur‚“</strong></span> <span class='ocrx_word' id='word_1_43' title='bbox 641 664 684 703; x_wconf 89' lang='lat' dir='ltr'><strong>id</strong></span> <span class='ocrx_word' id='word_1_44' title='bbox 710 663 873 718; x_wconf 91' lang='lat' dir='ltr'><strong>ipsum,</strong></span> <span class='ocrx_word' id='word_1_45' title='bbox 910 664 952 703; x_wconf 92' lang='lat' dir='ltr'><strong>in</strong></span> <span class='ocrx_word' id='word_1_46' title='bbox 986 676 1069 716; x_wconf 91' lang='lat' dir='ltr'><strong>quo</strong></span> <span class='ocrx_word' id='word_1_47' title='bbox 1103 666 1335 719; x_wconf 77' lang='lat' dir='ltr'>proprietas</span> <span class='ocrx_word' id='word_1_48' title='bbox 1371 666 1489 708; x_wconf 89' lang='lat' dir='ltr'><strong>huius</strong></span> <span class='ocrx_word' id='word_1_49' title='bbox 1521 665 1692 707; x_wconf 80' lang='lat' dir='ltr'><strong>notionis</strong></span> 
     </span>
     <span class='ocr_line' id='line_1_8' title="bbox 330 735 1694 794; baseline 0.001 -16"><span class='ocrx_word' id='word_1_50' title='bbox 330 737 527 790; x_wconf 87' lang='lat' dir='ltr'><strong>cernitur,</strong></span> <span class='ocrx_word' id='word_1_51' title='bbox 558 737 601 777; x_wconf 87' lang='lat' dir='ltr'><strong>in</strong></span> <span class='ocrx_word' id='word_1_52' title='bbox 616 735 854 776; x_wconf 89' lang='lat' dir='ltr'><strong>definitione</strong></span> <span class='ocrx_word' id='word_1_53' title='bbox 877 737 1125 791; x_wconf 84' lang='lat' dir='ltr'>exprimatur</span> <span class='ocrx_word' id='word_1_54' title='bbox 1145 749 1312 778; x_wconf 88' lang='lat' dir='ltr'><strong>necesse</strong></span> <span class='ocrx_word' id='word_1_55' title='bbox 1330 744 1402 780; x_wconf 86' lang='lat' dir='ltr'><strong>est.</strong></span> <span class='ocrx_word' id='word_1_56' title='bbox 1443 739 1491 780; x_wconf 90' lang='lat' dir='ltr'><strong>ln</strong></span> <span class='ocrx_word' id='word_1_57' title='bbox 1517 751 1600 794; x_wconf 86' lang='lat' dir='ltr'><strong>quo</strong></span> <span class='ocrx_word' id='word_1_58' title='bbox 1617 750 1694 788; x_wconf 68' lang='lat' dir='ltr'><strong>au-</strong></span> 
     </span>
     <span class='ocr_line' id='line_1_9' title="bbox 330 808 1694 868; baseline 0.001 -19"><span class='ocrx_word' id='word_1_59' title='bbox 330 815 415 849; x_wconf 88' lang='lat' dir='ltr'><strong>tem</strong></span> <span class='ocrx_word' id='word_1_60' title='bbox 432 809 607 849; x_wconf 81' lang='lat' dir='ltr'><strong>maxime</strong></span> <span class='ocrx_word' id='word_1_61' title='bbox 626 822 651 848; x_wconf 85' lang='lat' dir='ltr'><strong>a</strong></span> <span class='ocrx_word' id='word_1_62' title='bbox 671 809 979 868; x_wconf 80' lang='lat' dir='ltr'><strong>Zimmernio</strong></span> <span class='ocrx_word' id='word_1_63' title='bbox 1000 808 1295 849; x_wconf 87' lang='lat' dir='ltr'><strong>discedendum</strong></span> <span class='ocrx_word' id='word_1_64' title='bbox 1318 815 1456 863; x_wconf 84' lang='lat' dir='ltr'><strong>puto‚.</strong></span> <span class='ocrx_word' id='word_1_65' title='bbox 1487 810 1588 851; x_wconf 85' lang='lat' dir='ltr'><strong>illud</strong></span> <span class='ocrx_word' id='word_1_66' title='bbox 1618 815 1694 859; x_wconf 84' lang='lat' dir='ltr'><strong>est,</strong></span> 
     </span>
     <span class='ocr_line' id='line_1_10' title="bbox 330 880 1693 938; baseline 0.001 -15"><span class='ocrx_word' id='word_1_67' title='bbox 330 880 444 936; x_wconf 91' lang='lat' dir='ltr'><strong>quod</strong></span> <span class='ocrx_word' id='word_1_68' title='bbox 459 880 500 922; x_wconf 85' lang='lat' dir='ltr'><strong>in</strong></span> <span class='ocrx_word' id='word_1_69' title='bbox 517 880 789 936; x_wconf 80' lang='lat' dir='ltr'><strong>imperfectae</strong></span> <span class='ocrx_word' id='word_1_70' title='bbox 812 881 916 938; x_wconf 84' lang='lat' dir='ltr'><strong>legis</strong></span> <span class='ocrx_word' id='word_1_71' title='bbox 937 881 1170 923; x_wconf 87' lang='lat' dir='ltr'><strong>definitione</strong></span> <span class='ocrx_word' id='word_1_72' title='bbox 1197 880 1330 923; x_wconf 85' lang='lat' dir='ltr'><strong>verbis</strong></span> <span class='ocrx_word' id='word_1_73' title='bbox 1370 896 1493 936; x_wconf 81' lang='lat' dir='ltr'><strong>„non</strong></span> <span class='ocrx_word' id='word_1_74' title='bbox 1522 882 1693 925; x_wconf 83' lang='lat' dir='ltr'><strong>rescin-</strong></span> 
     </span>
     <span class='ocr_line' id='line_1_11' title="bbox 333 949 1742 1009; baseline -0.001 -14"><span class='ocrx_word' id='word_1_75' title='bbox 333 955 460 1006; x_wconf 74' lang='lat' dir='ltr'><strong>dit,“</strong></span> <span class='ocrx_word' id='word_1_76' title='bbox 492 954 700 1008; x_wconf 82' lang='lat' dir='ltr'><strong>adjunxit:</strong></span> <span class='ocrx_word' id='word_1_77' title='bbox 741 955 857 1004; x_wconf 87' lang='lat' dir='ltr'><strong>„sed</strong></span> <span class='ocrx_word' id='word_1_78' title='bbox 888 968 1101 995; x_wconf 81' lang='lat' dir='ltr'><strong>revocare</strong></span> <span class='ocrx_word' id='word_1_79' title='bbox 1131 949 1434 996; x_wconf 78' lang='lat' dir='ltr'><strong>tantummodo</strong></span> <span class='ocrx_word' id='word_1_80' title='bbox 1474 955 1695 1009; x_wconf 76' lang='lat' dir='ltr'><strong>permittit</strong></span> <span class='ocrx_word' id='word_1_81' title='bbox 1738 992 1742 994; x_wconf 72' lang='grc'>,</span> 
     </span>
     <span class='ocr_line' id='line_1_12' title="bbox 333 1026 1695 1083; baseline 0.001 -15"><span class='ocrx_word' id='word_1_82' title='bbox 333 1027 395 1078; x_wconf 82' lang='lat' dir='ltr'><strong>ei,</strong></span> <span class='ocrx_word' id='word_1_83' title='bbox 441 1027 515 1081; x_wconf 81' lang='lat' dir='ltr'><strong>qui</strong></span> <span class='ocrx_word' id='word_1_84' title='bbox 547 1032 711 1067; x_wconf 77' lang='lat' dir='ltr'><strong>contra</strong></span> <span class='ocrx_word' id='word_1_85' title='bbox 751 1027 899 1082; x_wconf 84' lang='lat' dir='ltr'><strong>legem</strong></span> <span class='ocrx_word' id='word_1_86' title='bbox 924 1026 1097 1083; x_wconf 79' lang='lat' dir='ltr'><strong>secit.“</strong></span> <span class='ocrx_word' id='word_1_87' title='bbox 1164 1026 1327 1068; x_wconf 81' lang='lat' dir='ltr'><strong>Etenim</strong></span> <span class='ocrx_word' id='word_1_88' title='bbox 1353 1027 1476 1068; x_wconf 86' lang='lat' dir='ltr'><strong>silex</strong></span> <span class='ocrx_word' id='word_1_89' title='bbox 1500 1040 1695 1069; x_wconf 80' lang='lat' dir='ltr'><strong>revocare</strong></span> 
     </span>
     <span class='ocr_line' id='line_1_13' title="bbox 331 1098 1694 1154; baseline 0 -15"><span class='ocrx_word' id='word_1_90' title='bbox 331 1098 552 1154; x_wconf 81' lang='lat' dir='ltr'><strong>permittit,</strong></span> <span class='ocrx_word' id='word_1_91' title='bbox 586 1098 702 1152; x_wconf 88' lang='lat' dir='ltr'><strong>quod</strong></span> <span class='ocrx_word' id='word_1_92' title='bbox 723 1104 888 1152; x_wconf 88' lang='lat' dir='ltr'><strong>gestum</strong></span> <span class='ocrx_word' id='word_1_93' title='bbox 907 1105 990 1150; x_wconf 89' lang='lat' dir='ltr'><strong>est,</strong></span> <span class='ocrx_word' id='word_1_94' title='bbox 1021 1100 1065 1140; x_wconf 90' lang='lat' dir='ltr'><strong>id</strong></span> <span class='ocrx_word' id='word_1_95' title='bbox 1081 1099 1267 1139; x_wconf 83' lang='lat' dir='ltr'><strong>rescindit</strong></span> <span class='ocrx_word' id='word_1_96' title='bbox 1289 1099 1503 1153; x_wconf 80' lang='lat' dir='ltr'><strong>profecto,</strong></span> <span class='ocrx_word' id='word_1_97' title='bbox 1535 1100 1591 1139; x_wconf 92' lang='lat' dir='ltr'><strong>ita</strong></span> <span class='ocrx_word' id='word_1_98' title='bbox 1614 1099 1694 1140; x_wconf 85' lang='lat' dir='ltr'><strong>sci-</strong></span> 
     </span>
     <span class='ocr_line' id='line_1_14' title="bbox 331 1170 1696 1226; baseline 0.001 -15"><span class='ocrx_word' id='word_1_99' title='bbox 331 1172 447 1223; x_wconf 84' lang='lat' dir='ltr'><strong>licet,</strong></span> <span class='ocrx_word' id='word_1_100' title='bbox 480 1171 512 1211; x_wconf 87' lang='lat' dir='ltr'><strong>si</strong></span> <span class='ocrx_word' id='word_1_101' title='bbox 531 1170 584 1223; x_wconf 90' lang='lat' dir='ltr'><strong>is,</strong></span> <span class='ocrx_word' id='word_1_102' title='bbox 621 1170 737 1225; x_wconf 85' lang='lat' dir='ltr'><strong>cujus</strong></span> <span class='ocrx_word' id='word_1_103' title='bbox 758 1171 946 1223; x_wconf 88' lang='lat' dir='ltr'><strong>interest,</strong></span> <span class='ocrx_word' id='word_1_104' title='bbox 979 1185 1204 1226; x_wconf 84' lang='lat' dir='ltr'><strong>agnoscere</strong></span> <span class='ocrx_word' id='word_1_105' title='bbox 1223 1170 1323 1210; x_wconf 88' lang='lat' dir='ltr'><strong>illud</strong></span> <span class='ocrx_word' id='word_1_106' title='bbox 1342 1171 1438 1212; x_wconf 87' lang='lat' dir='ltr'><strong>nolit</strong></span> <span class='ocrx_word' id='word_1_107' title='bbox 1478 1184 1527 1211; x_wconf 85' lang='lat' dir='ltr'><strong>ac</strong></span> <span class='ocrx_word' id='word_1_108' title='bbox 1559 1185 1696 1212; x_wconf 88' lang='lat' dir='ltr'><strong>reme-</strong></span> 
     </span>
     <span class='ocr_line' id='line_1_15' title="bbox 333 1242 1694 1297; baseline -0.001 -13"><span class='ocrx_word' id='word_1_109' title='bbox 333 1244 403 1284; x_wconf 86' lang='lat' dir='ltr'><strong>dio</strong></span> <span class='ocrx_word' id='word_1_110' title='bbox 427 1248 560 1283; x_wconf 90' lang='lat' dir='ltr'><strong>utatur</strong></span> <span class='ocrx_word' id='word_1_111' title='bbox 583 1242 641 1281; x_wconf 90' lang='lat' dir='ltr'><strong>ad</strong></span> <span class='ocrx_word' id='word_1_112' title='bbox 668 1255 762 1281; x_wconf 91' lang='lat' dir='ltr'><strong>eum</strong></span> <span class='ocrx_word' id='word_1_113' title='bbox 785 1242 911 1282; x_wconf 86' lang='lat' dir='ltr'><strong>finem</strong></span> <span class='ocrx_word' id='word_1_114' title='bbox 935 1243 1015 1296; x_wconf 86' lang='lat' dir='ltr'><strong>ipsi</strong></span> <span class='ocrx_word' id='word_1_115' title='bbox 1043 1255 1250 1283; x_wconf 88' lang='lat' dir='ltr'><strong>concesso.</strong></span> <span class='ocrx_word' id='word_1_116' title='bbox 1319 1243 1416 1283; x_wconf 80' lang='lat' dir='ltr'><strong>Jam</strong></span> <span class='ocrx_word' id='word_1_117' title='bbox 1444 1255 1526 1283; x_wconf 89' lang='lat' dir='ltr'><strong>non</strong></span> <span class='ocrx_word' id='word_1_118' title='bbox 1547 1243 1694 1297; x_wconf 86' lang='lat' dir='ltr'><strong>ignoro</strong></span> 
     </span>
     <span class='ocr_line' id='line_1_16' title="bbox 333 1313 1695 1370; baseline -0.001 -14"><span class='ocrx_word' id='word_1_119' title='bbox 333 1315 526 1368; x_wconf 86' lang='lat' dir='ltr'><strong>equidem</strong></span> <span class='ocrx_word' id='word_1_120' title='bbox 543 1344 572 1364; x_wconf 20' lang='lat'><strong>‚⁴</strong></span> <span class='ocrx_word' id='word_1_121' title='bbox 610 1315 803 1355; x_wconf 87' lang='lat' dir='ltr'><strong>interesse</strong></span> <span class='ocrx_word' id='word_1_122' title='bbox 838 1315 988 1368; x_wconf 88' lang='lat' dir='ltr'><strong>aliquid</strong></span> <span class='ocrx_word' id='word_1_123' title='bbox 1005 1343 1017 1365; x_wconf 89' lang='lat'>,</span> <span class='ocrx_word' id='word_1_124' title='bbox 1067 1320 1204 1355; x_wconf 89' lang='lat' dir='ltr'><strong>utrum</strong></span> <span class='ocrx_word' id='word_1_125' title='bbox 1234 1314 1326 1368; x_wconf 89' lang='lat' dir='ltr'><strong>ipso</strong></span> <span class='ocrx_word' id='word_1_126' title='bbox 1355 1313 1454 1368; x_wconf 83' lang='lat' dir='ltr'><strong>jure</strong></span> <span class='ocrx_word' id='word_1_127' title='bbox 1483 1314 1695 1370; x_wconf 85' lang='lat' dir='ltr'><strong>quidpiam</strong></span> 
     </span>
     <span class='ocr_line' id='line_1_17' title="bbox 330 1386 1696 1438; baseline -0.001 -10"><span class='ocrx_word' id='word_1_128' title='bbox 330 1401 414 1428; x_wconf 88' lang='lat' dir='ltr'><strong>non</strong></span> <span class='ocrx_word' id='word_1_129' title='bbox 438 1388 594 1438; x_wconf 82' lang='lat' dir='ltr'><strong>valeat,</strong></span> <span class='ocrx_word' id='word_1_130' title='bbox 629 1401 683 1427; x_wconf 90' lang='lat' dir='ltr'><strong>an</strong></span> <span class='ocrx_word' id='word_1_131' title='bbox 704 1386 887 1427; x_wconf 87' lang='lat' dir='ltr'><strong>adhibito</strong></span> <span class='ocrx_word' id='word_1_132' title='bbox 912 1387 1078 1428; x_wconf 89' lang='lat' dir='ltr'><strong>demum</strong></span> <span class='ocrx_word' id='word_1_133' title='bbox 1102 1387 1283 1427; x_wconf 89' lang='lat' dir='ltr'><strong>remedio</strong></span> <span class='ocrx_word' id='word_1_134' title='bbox 1308 1386 1560 1427; x_wconf 86' lang='lat' dir='ltr'><strong>rescindatur</strong></span> <span class='ocrx_word' id='word_1_135' title='bbox 1569 1401 1586 1435; x_wconf 87' lang='lat'><strong>;.</strong></span> <span class='ocrx_word' id='word_1_136' title='bbox 1621 1399 1696 1427; x_wconf 82' lang='lat' dir='ltr'><strong>ve·-</strong></span> 
     </span>
     <span class='ocr_line' id='line_1_18' title="bbox 332 1459 1697 1513; baseline -0.001 -12"><span class='ocrx_word' id='word_1_137' title='bbox 332 1466 564 1501; x_wconf 87' lang='lat' dir='ltr'><strong>rumtamen</strong></span> <span class='ocrx_word' id='word_1_138' title='bbox 591 1459 636 1498; x_wconf 86' lang='lat' dir='ltr'><strong>in</strong></span> <span class='ocrx_word' id='word_1_139' title='bbox 663 1473 821 1499; x_wconf 90' lang='lat' dir='ltr'><strong>summa</strong></span> <span class='ocrx_word' id='word_1_140' title='bbox 843 1459 924 1509; x_wconf 90' lang='lat' dir='ltr'><strong>rei,</strong></span> <span class='ocrx_word' id='word_1_141' title='bbox 966 1460 998 1500; x_wconf 86' lang='lat' dir='ltr'><strong>si</strong></span> <span class='ocrx_word' id='word_1_142' title='bbox 1023 1460 1077 1500; x_wconf 90' lang='lat' dir='ltr'><strong>ad</strong></span> <span class='ocrx_word' id='word_1_143' title='bbox 1108 1459 1277 1499; x_wconf 86' lang='lat' dir='ltr'><strong>effectus</strong></span> <span class='ocrx_word' id='word_1_144' title='bbox 1303 1459 1561 1513; x_wconf 86' lang='lat' dir='ltr'><strong>respicimus,</strong></span> <span class='ocrx_word' id='word_1_145' title='bbox 1594 1472 1697 1500; x_wconf 90' lang='lat' dir='ltr'><strong>con-</strong></span> 
     </span>
     <span class='ocr_line' id='line_1_19' title="bbox 332 1531 1695 1586; baseline -0.002 -12"><span class='ocrx_word' id='word_1_146' title='bbox 332 1534 443 1574; x_wconf 87' lang='lat' dir='ltr'><strong>venit</strong></span> <span class='ocrx_word' id='word_1_147' title='bbox 459 1538 699 1585; x_wconf 87' lang='lat' dir='ltr'><strong>utrumque,</strong></span> <span class='ocrx_word' id='word_1_148' title='bbox 732 1537 931 1585; x_wconf 89' lang='lat' dir='ltr'><strong>quatenus</strong></span> <span class='ocrx_word' id='word_1_149' title='bbox 952 1532 995 1571; x_wconf 93' lang='lat' dir='ltr'><strong>id</strong></span> <span class='ocrx_word' id='word_1_150' title='bbox 1018 1532 1170 1586; x_wconf 86' lang='lat' dir='ltr'><strong>agitur,</strong></span> <span class='ocrx_word' id='word_1_151' title='bbox 1201 1537 1247 1571; x_wconf 90' lang='lat' dir='ltr'><strong>ut</strong></span> <span class='ocrx_word' id='word_1_152' title='bbox 1267 1532 1395 1571; x_wconf 86' lang='lat' dir='ltr'><strong>omnis</strong></span> <span class='ocrx_word' id='word_1_153' title='bbox 1417 1531 1541 1572; x_wconf 86' lang='lat' dir='ltr'><strong>laesio</strong></span> <span class='ocrx_word' id='word_1_154' title='bbox 1560 1532 1613 1571; x_wconf 88' lang='lat' dir='ltr'><strong>ab</strong></span> <span class='ocrx_word' id='word_1_155' title='bbox 1631 1545 1695 1586; x_wconf 89' lang='lat' dir='ltr'><strong>eo,</strong></span> 
     </span>
     <span class='ocr_line' id='line_1_20' title="bbox 333 1603 1697 1661; baseline -0.002 -15"><span class='ocrx_word' id='word_1_156' title='bbox 333 1606 449 1661; x_wconf 86' lang='lat' dir='ltr'><strong>cujus</strong></span> <span class='ocrx_word' id='word_1_157' title='bbox 467 1606 647 1653; x_wconf 84' lang='lat' dir='ltr'><strong>interest,</strong></span> <span class='ocrx_word' id='word_1_158' title='bbox 670 1609 873 1643; x_wconf 84' lang='lat' dir='ltr'><strong>avertatur</strong></span> <span class='ocrx_word' id='word_1_159' title='bbox 894 1609 934 1643; x_wconf 88' lang='lat' dir='ltr'><strong>et</strong></span> <span class='ocrx_word' id='word_1_160' title='bbox 951 1603 1124 1657; x_wconf 88' lang='lat' dir='ltr'><strong>perinde</strong></span> <span class='ocrx_word' id='word_1_161' title='bbox 1147 1603 1370 1654; x_wconf 83' lang='lat' dir='ltr'><strong>habeatur,</strong></span> <span class='ocrx_word' id='word_1_162' title='bbox 1403 1617 1451 1642; x_wconf 92' lang='lat' dir='ltr'><strong>ac</strong></span> <span class='ocrx_word' id='word_1_163' title='bbox 1477 1604 1510 1643; x_wconf 88' lang='lat' dir='ltr'><strong>si</strong></span> <span class='ocrx_word' id='word_1_164' title='bbox 1533 1603 1630 1643; x_wconf 88' lang='lat' dir='ltr'><strong>nihil</strong></span> <span class='ocrx_word' id='word_1_165' title='bbox 1656 1603 1697 1643; x_wconf 89' lang='lat' dir='ltr'><strong>in</strong></span> 
     </span>
     <span class='ocr_line' id='line_1_21' title="bbox 334 1675 1696 1733; baseline -0.002 -15"><span class='ocrx_word' id='word_1_166' title='bbox 334 1678 422 1733; x_wconf 84' lang='lat' dir='ltr'><strong>ejus</strong></span> <span class='ocrx_word' id='word_1_167' title='bbox 446 1677 736 1716; x_wconf 88' lang='lat' dir='ltr'><strong>detrimentum</strong></span> <span class='ocrx_word' id='word_1_168' title='bbox 754 1676 906 1715; x_wconf 87' lang='lat' dir='ltr'><strong>factum</strong></span> <span class='ocrx_word' id='word_1_169' title='bbox 921 1680 1037 1714; x_wconf 83' lang='lat' dir='ltr'><strong>esset.</strong></span> <span class='ocrx_word' id='word_1_170' title='bbox 1101 1675 1208 1715; x_wconf 91' lang='lat' dir='ltr'><strong>Hinc</strong></span> <span class='ocrx_word' id='word_1_171' title='bbox 1228 1676 1294 1725; x_wconf 91' lang='lat' dir='ltr'><strong>fit,</strong></span> <span class='ocrx_word' id='word_1_172' title='bbox 1326 1681 1372 1715; x_wconf 90' lang='lat' dir='ltr'><strong>ut</strong></span> <span class='ocrx_word' id='word_1_173' title='bbox 1401 1687 1696 1729; x_wconf 86' lang='lat' dir='ltr'><strong>saepenumero</strong></span> 
     </span>
     <span class='ocr_line' id='line_1_22' title="bbox 333 1746 1698 1805; baseline -0.001 -15"><span class='ocrx_word' id='word_1_174' title='bbox 333 1749 375 1790; x_wconf 90' lang='lat' dir='ltr'><strong>in</strong></span> <span class='ocrx_word' id='word_1_175' title='bbox 390 1748 488 1805; x_wconf 84' lang='lat' dir='ltr'><strong>jure</strong></span> <span class='ocrx_word' id='word_1_176' title='bbox 507 1748 700 1788; x_wconf 88' lang='lat' dir='ltr'><strong>Romano</strong></span> <span class='ocrx_word' id='word_1_177' title='bbox 712 1747 956 1802; x_wconf 81' lang='lat' dir='ltr'><strong>promiscue</strong></span> <span class='ocrx_word' id='word_1_178' title='bbox 972 1754 1216 1802; x_wconf 86' lang='lat' dir='ltr'><strong>usurpentur</strong></span> <span class='ocrx_word' id='word_1_179' title='bbox 1231 1747 1312 1789; x_wconf 90' lang='lat' dir='ltr'><strong>hae</strong></span> <span class='ocrx_word' id='word_1_180' title='bbox 1328 1747 1572 1789; x_wconf 83' lang='lat' dir='ltr'><strong>locutiones:</strong></span> <span class='ocrx_word' id='word_1_181' title='bbox 1597 1746 1698 1789; x_wconf 80' lang='lat' dir='ltr'><strong>nul-</strong></span> 
     </span>
     <span class='ocr_line' id='line_1_23' title="bbox 334 1819 1713 1877; baseline -0.001 -14"><span class='ocrx_word' id='word_1_182' title='bbox 334 1823 425 1863; x_wconf 80' lang='lat' dir='ltr'><strong>lum</strong></span> <span class='ocrx_word' id='word_1_183' title='bbox 449 1834 568 1872; x_wconf 79' lang='lat' dir='ltr'><strong>esse,</strong></span> <span class='ocrx_word' id='word_1_184' title='bbox 606 1820 772 1860; x_wconf 78' lang='lat' dir='ltr'><strong>nullius</strong></span> <span class='ocrx_word' id='word_1_185' title='bbox 793 1821 999 1861; x_wconf 82' lang='lat' dir='ltr'><strong>momenti</strong></span> <span class='ocrx_word' id='word_1_186' title='bbox 1023 1834 1137 1872; x_wconf 80' lang='lat' dir='ltr'><strong>esse,</strong></span> <span class='ocrx_word' id='word_1_187' title='bbox 1174 1822 1270 1877; x_wconf 80' lang='lat' dir='ltr'><strong>ipso</strong></span> <span class='ocrx_word' id='word_1_188' title='bbox 1291 1819 1398 1876; x_wconf 81' lang='lat' dir='ltr'><strong>jure</strong></span> <span class='ocrx_word' id='word_1_189' title='bbox 1423 1833 1508 1861; x_wconf 85' lang='lat' dir='ltr'><strong>non</strong></span> <span class='ocrx_word' id='word_1_190' title='bbox 1532 1820 1713 1871; x_wconf 51' lang='lat' dir='ltr'><strong>valere.</strong></span> 
     </span>
     <span class='ocr_line' id='line_1_24' title="bbox 333 1892 1697 1949; baseline 0 -14"><span class='ocrx_word' id='word_1_191' title='bbox 333 1895 443 1936; x_wconf 78' lang='lat' dir='ltr'><strong>nihil</strong></span> <span class='ocrx_word' id='word_1_192' title='bbox 475 1893 578 1949; x_wconf 84' lang='lat' dir='ltr'><strong>agi,</strong></span> <span class='ocrx_word' id='word_1_193' title='bbox 620 1892 801 1934; x_wconf 79' lang='lat' dir='ltr'><strong>irritum</strong></span> <span class='ocrx_word' id='word_1_194' title='bbox 840 1905 960 1942; x_wconf 80' lang='lat' dir='ltr'><strong>esse,</strong></span> <span class='ocrx_word' id='word_1_195' title='bbox 1000 1893 1225 1947; x_wconf 80' lang='lat' dir='ltr'><strong>impediri,</strong></span> <span class='ocrx_word' id='word_1_196' title='bbox 1267 1892 1512 1945; x_wconf 76' lang='lat' dir='ltr'><strong>infirmari,</strong></span> <span class='ocrx_word' id='word_1_197' title='bbox 1544 1898 1697 1935; x_wconf 83' lang='lat' dir='ltr'><strong>retra-</strong></span> 
     </span>
     <span class='ocr_line' id='line_1_25' title="bbox 338 1964 1738 2017; baseline -0.001 -10"><span class='ocrx_word' id='word_1_198' title='bbox 338 1967 479 2017; x_wconf 85' lang='lat' dir='ltr'><strong>ctari,</strong></span> <span class='ocrx_word' id='word_1_199' title='bbox 513 1965 745 2015; x_wconf 80' lang='lat' dir='ltr'><strong>revocari,</strong></span> <span class='ocrx_word' id='word_1_200' title='bbox 778 1964 997 2011; x_wconf 79' lang='lat' dir='ltr'><strong>rescindi;</strong></span> <span class='ocrx_word' id='word_1_201' title='bbox 1035 1970 1158 2015; x_wconf 82' lang='lat' dir='ltr'><strong>quam</strong></span> <span class='ocrx_word' id='word_1_202' title='bbox 1185 1965 1225 2003; x_wconf 91' lang='lat' dir='ltr'><strong>in</strong></span> <span class='ocrx_word' id='word_1_203' title='bbox 1256 1978 1344 2004; x_wconf 91' lang='lat' dir='ltr'><strong>rem</strong></span> <span class='ocrx_word' id='word_1_204' title='bbox 1368 1964 1696 2006; x_wconf 49' lang='lat' dir='ltr'><strong>conferantur&#39;L.</strong></span> <span class='ocrx_word' id='word_1_205' title='bbox 1733 2004 1738 2009; x_wconf 80' lang='grc'><strong>,</strong></span> 
     </span>
     <span class='ocr_line' id='line_1_26' title="bbox 334 2032 1694 2094; baseline -0.003 -16"><span class='ocrx_word' id='word_1_206' title='bbox 334 2036 410 2082; x_wconf 88' lang='grc'><strong>61.</strong></span> <span class='ocrx_word' id='word_1_207' title='bbox 432 2051 498 2093; x_wconf 88' lang='lat' dir='ltr'><strong>pr.</strong></span> <span class='ocrx_word' id='word_1_208' title='bbox 516 2037 569 2078; x_wconf 89' lang='lat' dir='ltr'><strong>D.</strong></span> <span class='ocrx_word' id='word_1_209' title='bbox 589 2036 642 2077; x_wconf 91' lang='lat' dir='ltr'><strong>de</strong></span> <span class='ocrx_word' id='word_1_210' title='bbox 656 2035 754 2091; x_wconf 88' lang='lat' dir='ltr'><strong>jure</strong></span> <span class='ocrx_word' id='word_1_211' title='bbox 782 2035 957 2087; x_wconf 84' lang='lat' dir='ltr'><strong>dotium,</strong></span> <span class='ocrx_word' id='word_1_212' title='bbox 990 2035 1039 2075; x_wconf 90' lang='lat' dir='ltr'><strong>L.</strong></span> <span class='ocrx_word' id='word_1_213' title='bbox 1065 2034 1105 2075; x_wconf 84' lang='lat'><strong>3.</strong></span> <span class='ocrx_word' id='word_1_214' title='bbox 1133 2032 1176 2091; x_wconf 59' lang='grc' dir='ltr'><strong>δ.</strong></span> <span class='ocrx_word' id='word_1_215' title='bbox 1202 2035 1270 2076; x_wconf 82' lang='lat'><strong>10.</strong></span> <span class='ocrx_word' id='word_1_216' title='bbox 1302 2036 1350 2079; x_wconf 89' lang='lat' dir='ltr'><strong>L.</strong></span> <span class='ocrx_word' id='word_1_217' title='bbox 1368 2033 1409 2080; x_wconf 84' lang='lat'><strong>5.</strong></span> <span class='ocrx_word' id='word_1_218' title='bbox 1435 2034 1477 2094; x_wconf 84' lang='lat'><strong>§.</strong></span> <span class='ocrx_word' id='word_1_219' title='bbox 1503 2034 1545 2078; x_wconf 83' lang='lat'><strong>5.</strong></span> <span class='ocrx_word' id='word_1_220' title='bbox 1574 2037 1624 2077; x_wconf 89' lang='lat' dir='ltr'><strong>L.</strong></span> <span class='ocrx_word' id='word_1_221' title='bbox 1651 2032 1694 2075; x_wconf 75' lang='grc'><strong>7.</strong></span> 
     </span>
     <span class='ocr_line' id='line_1_27' title="bbox 331 2103 1692 2170; baseline -0.004 -18"><span class='ocrx_word' id='word_1_222' title='bbox 331 2109 376 2170; x_wconf 80' lang='lat'><strong>§.</strong></span> <span class='ocrx_word' id='word_1_223' title='bbox 393 2110 437 2152; x_wconf 83' lang='lat'><strong>6.</strong></span> <span class='ocrx_word' id='word_1_224' title='bbox 464 2111 515 2151; x_wconf 90' lang='lat' dir='ltr'><strong>L.</strong></span> <span class='ocrx_word' id='word_1_225' title='bbox 533 2108 607 2150; x_wconf 81' lang='lat'><strong>31.</strong></span> <span class='ocrx_word' id='word_1_226' title='bbox 626 2105 669 2166; x_wconf 58' lang='grc' dir='ltr'><strong>δ.</strong></span> <span class='ocrx_word' id='word_1_227' title='bbox 689 2108 731 2149; x_wconf 87' lang='lat'><strong>4.</strong></span> <span class='ocrx_word' id='word_1_228' title='bbox 764 2108 814 2150; x_wconf 94' lang='lat' dir='ltr'><strong>L.</strong></span> <span class='ocrx_word' id='word_1_229' title='bbox 834 2107 905 2150; x_wconf 81' lang='lat'><strong>32.</strong></span> <span class='ocrx_word' id='word_1_230' title='bbox 923 2105 998 2164; x_wconf 80' lang='lat'><strong>§§.</strong></span> <span class='ocrx_word' id='word_1_231' title='bbox 1017 2107 1090 2148; x_wconf 83' lang='lat'><strong>21.</strong></span> <span class='ocrx_word' id='word_1_232' title='bbox 1109 2114 1150 2148; x_wconf 90' lang='lat' dir='ltr'><strong>et</strong></span> <span class='ocrx_word' id='word_1_233' title='bbox 1172 2108 1306 2149; x_wconf 81' lang='lat'><strong>23—</strong></span> <span class='ocrx_word' id='word_1_234' title='bbox 1325 2109 1397 2149; x_wconf 82' lang='lat'><strong>25.</strong></span> <span class='ocrx_word' id='word_1_235' title='bbox 1431 2115 1472 2150; x_wconf 87' lang='lat' dir='ltr'><strong>et</strong></span> <span class='ocrx_word' id='word_1_236' title='bbox 1491 2110 1542 2150; x_wconf 92' lang='lat' dir='ltr'><strong>L.</strong></span> <span class='ocrx_word' id='word_1_237' title='bbox 1558 2106 1632 2148; x_wconf 80' lang='grc'><strong>52.-</strong></span> <span class='ocrx_word' id='word_1_238' title='bbox 1649 2103 1692 2163; x_wconf 78' lang='lat'><strong>§.</strong></span> 
     </span>
     <span class='ocr_line' id='line_1_28' title="bbox 303 2177 1695 2239; baseline -0.001 -17"><span class='ocrx_word' id='word_1_239' title='bbox 303 2219 306 2222; x_wconf 92' lang='grc'><em>,</em></span> <span class='ocrx_word' id='word_1_240' title='bbox 333 2184 376 2225; x_wconf 86' lang='grc'><strong>1.</strong></span> <span class='ocrx_word' id='word_1_241' title='bbox 406 2184 458 2224; x_wconf 89' lang='grc' dir='ltr'><strong>Ι).</strong></span> <span class='ocrx_word' id='word_1_242' title='bbox 485 2182 539 2223; x_wconf 88' lang='lat' dir='ltr'><strong>de</strong></span> <span class='ocrx_word' id='word_1_243' title='bbox 566 2181 771 2224; x_wconf 88' lang='lat' dir='ltr'><strong>donation.</strong></span> <span class='ocrx_word' id='word_1_244' title='bbox 801 2181 907 2222; x_wconf 87' lang='lat' dir='ltr'><strong>inter</strong></span> <span class='ocrx_word' id='word_1_245' title='bbox 925 2181 998 2221; x_wconf 89' lang='lat' dir='ltr'><strong>vir.</strong></span> <span class='ocrx_word' id='word_1_246' title='bbox 1021 2186 1062 2221; x_wconf 87' lang='lat' dir='ltr'><strong>et</strong></span> <span class='ocrx_word' id='word_1_247' title='bbox 1086 2194 1217 2234; x_wconf 60' lang='lat' dir='ltr'><strong>uxor„</strong></span> <span class='ocrx_word' id='word_1_248' title='bbox 1249 2182 1299 2226; x_wconf 92' lang='lat' dir='ltr'><strong>L.</strong></span> <span class='ocrx_word' id='word_1_249' title='bbox 1328 2182 1401 2225; x_wconf 79' lang='lat'><strong>43.</strong></span> <span class='ocrx_word' id='word_1_250' title='bbox 1433 2179 1476 2239; x_wconf 83' lang='lat'><strong>§.</strong></span> <span class='ocrx_word' id='word_1_251' title='bbox 1503 2181 1544 2221; x_wconf 82' lang='lat'><strong>2.</strong></span> <span class='ocrx_word' id='word_1_252' title='bbox 1567 2179 1618 2221; x_wconf 89' lang='lat' dir='ltr'><strong>D.</strong></span> <span class='ocrx_word' id='word_1_253' title='bbox 1642 2177 1695 2220; x_wconf 83' lang='lat' dir='ltr'><strong>de</strong></span> 
     </span>
     <span class='ocr_line' id='line_1_29' title="bbox 333 2250 1696 2309; baseline -0.002 -15"><span class='ocrx_word' id='word_1_254' title='bbox 333 2254 446 2308; x_wconf 85' lang='lat' dir='ltr'><strong>vulg.</strong></span> <span class='ocrx_word' id='word_1_255' title='bbox 479 2259 519 2293; x_wconf 88' lang='lat' dir='ltr'><strong>et</strong></span> <span class='ocrx_word' id='word_1_256' title='bbox 548 2253 698 2308; x_wconf 90' lang='lat' dir='ltr'><strong>pupill.</strong></span> <span class='ocrx_word' id='word_1_257' title='bbox 733 2254 957 2304; x_wconf 84' lang='lat' dir='ltr'><strong>substitut.‚</strong></span> <span class='ocrx_word' id='word_1_258' title='bbox 998 2253 1047 2292; x_wconf 94' lang='lat' dir='ltr'><strong>L.</strong></span> <span class='ocrx_word' id='word_1_259' title='bbox 1083 2253 1155 2295; x_wconf 82' lang='lat'><strong>22.</strong></span> <span class='ocrx_word' id='word_1_260' title='bbox 1198 2255 1249 2295; x_wconf 91' lang='lat' dir='ltr'><strong>D.</strong></span> <span class='ocrx_word' id='word_1_261' title='bbox 1292 2269 1399 2309; x_wconf 83' lang='lat' dir='ltr'><strong>quae</strong></span> <span class='ocrx_word' id='word_1_262' title='bbox 1427 2255 1468 2294; x_wconf 89' lang='lat' dir='ltr'><strong>in</strong></span> <span class='ocrx_word' id='word_1_263' title='bbox 1506 2250 1696 2292; x_wconf 79' lang='lat' dir='ltr'><strong>fraudem</strong></span> 
     </span>
     <span class='ocr_line' id='line_1_30' title="bbox 333 2324 1694 2383; baseline -0.002 -17"><span class='ocrx_word' id='word_1_264' title='bbox 333 2325 539 2375; x_wconf 66' lang='lat' dir='ltr'><strong>creditor„</strong></span> <span class='ocrx_word' id='word_1_265' title='bbox 571 2325 621 2364; x_wconf 94' lang='lat' dir='ltr'><strong>L.</strong></span> <span class='ocrx_word' id='word_1_266' title='bbox 640 2324 681 2364; x_wconf 84' lang='lat'><strong>2.</strong></span> <span class='ocrx_word' id='word_1_267' title='bbox 712 2325 759 2365; x_wconf 87' lang='lat' dir='ltr'><strong>C.</strong></span> <span class='ocrx_word' id='word_1_268' title='bbox 794 2326 826 2364; x_wconf 86' lang='lat' dir='ltr'><strong>si</strong></span> <span class='ocrx_word' id='word_1_269' title='bbox 856 2330 998 2379; x_wconf 83' lang='lat' dir='ltr'><strong>propt.</strong></span> <span class='ocrx_word' id='word_1_270' title='bbox 1021 2326 1172 2379; x_wconf 90' lang='lat' dir='ltr'><strong>public.</strong></span> <span class='ocrx_word' id='word_1_271' title='bbox 1198 2328 1385 2380; x_wconf 90' lang='lat' dir='ltr'><strong>pensitat.</strong></span> <span class='ocrx_word' id='word_1_272' title='bbox 1405 2330 1527 2378; x_wconf 83' lang='lat' dir='ltr'><strong>atque</strong></span> <span class='ocrx_word' id='word_1_273' title='bbox 1547 2324 1585 2364; x_wconf 95' lang='lat' dir='ltr'><strong>B</strong></span> <span class='ocrx_word' id='word_1_274' title='bbox 1590 2324 1636 2383; x_wconf 70' lang='lat' dir='ltr'><strong>ri</strong></span> <span class='ocrx_word' id='word_1_275' title='bbox 1645 2337 1694 2380; x_wconf 22' lang='lat' dir='ltr'><strong>&#39;s‘-</strong></span> 
     </span>
     <span class='ocr_line' id='line_1_31' title="bbox 333 2394 1695 2453; baseline -0.002 -15"><span class='ocrx_word' id='word_1_276' title='bbox 333 2397 509 2438; x_wconf 86' lang='lat' dir='ltr'><strong>sonius</strong></span> <span class='ocrx_word' id='word_1_277' title='bbox 551 2410 582 2438; x_wconf 80' lang='lat' dir='ltr'><strong>S.</strong></span> <span class='ocrx_word' id='word_1_278' title='bbox 616 2409 655 2435; x_wconf 85' lang='lat' dir='ltr'><strong>v.</strong></span> <span class='ocrx_word' id='word_1_279' title='bbox 691 2394 976 2440; x_wconf 79' lang='lat' dir='ltr'><strong>Rescindere.</strong></span> <span class='ocrx_word' id='word_1_280' title='bbox 1020 2421 1083 2430; x_wconf 82' lang='lat'><strong>—-</strong></span> <span class='ocrx_word' id='word_1_281' title='bbox 1145 2398 1303 2453; x_wconf 51' lang='lat' dir='ltr'><strong>*Itaque</strong></span> <span class='ocrx_word' id='word_1_282' title='bbox 1345 2398 1437 2452; x_wconf 89' lang='lat' dir='ltr'><strong>ipso</strong></span> <span class='ocrx_word' id='word_1_283' title='bbox 1476 2395 1574 2452; x_wconf 86' lang='lat' dir='ltr'><strong>jure</strong></span> <span class='ocrx_word' id='word_1_284' title='bbox 1613 2406 1695 2436; x_wconf 86' lang='lat' dir='ltr'><strong>non</strong></span> 
     </span>
     <span class='ocr_line' id='line_1_32' title="bbox 333 2466 1694 2525; baseline -0.001 -17"><span class='ocrx_word' id='word_1_285' title='bbox 333 2470 470 2510; x_wconf 81' lang='lat' dir='ltr'><strong>valere</strong></span> <span class='ocrx_word' id='word_1_286' title='bbox 501 2468 655 2520; x_wconf 88' lang='lat' dir='ltr'><strong>aliquid</strong></span> <span class='ocrx_word' id='word_1_287' title='bbox 687 2469 889 2510; x_wconf 91' lang='lat' dir='ltr'><strong>interdum</strong></span> <span class='ocrx_word' id='word_1_288' title='bbox 921 2485 971 2511; x_wconf 91' lang='lat' dir='ltr'><strong>ea</strong></span> <span class='ocrx_word' id='word_1_289' title='bbox 1009 2472 1265 2525; x_wconf 87' lang='lat' dir='ltr'><strong>potissimum</strong></span> <span class='ocrx_word' id='word_1_290' title='bbox 1301 2470 1591 2524; x_wconf 85' lang='lat' dir='ltr'><strong>significatione</strong></span> <span class='ocrx_word' id='word_1_291' title='bbox 1622 2466 1694 2506; x_wconf 86' lang='lat' dir='ltr'><strong>di—</strong></span> 
     </span>
     <span class='ocr_line' id='line_1_33' title="bbox 335 2539 1696 2596; baseline 0 -17"><span class='ocrx_word' id='word_1_292' title='bbox 335 2539 457 2591; x_wconf 86' lang='lat' dir='ltr'><strong>citur,</strong></span> <span class='ocrx_word' id='word_1_293' title='bbox 493 2545 538 2580; x_wconf 89' lang='lat' dir='ltr'><strong>ut</strong></span> <span class='ocrx_word' id='word_1_294' title='bbox 569 2539 793 2580; x_wconf 88' lang='lat' dir='ltr'><strong>secundum</strong></span> <span class='ocrx_word' id='word_1_295' title='bbox 815 2540 886 2596; x_wconf 84' lang='lat' dir='ltr'><strong>jus</strong></span> <span class='ocrx_word' id='word_1_296' title='bbox 928 2543 1044 2582; x_wconf 89' lang='lat' dir='ltr'><strong>civile</strong></span> <span class='ocrx_word' id='word_1_297' title='bbox 1077 2542 1323 2596; x_wconf 89' lang='lat' dir='ltr'><strong>quandoque</strong></span> <span class='ocrx_word' id='word_1_298' title='bbox 1353 2541 1504 2583; x_wconf 86' lang='lat' dir='ltr'><strong>habeat</strong></span> <span class='ocrx_word' id='word_1_299' title='bbox 1532 2540 1589 2589; x_wconf 86' lang='lat' dir='ltr'><strong>is,</strong></span> <span class='ocrx_word' id='word_1_300' title='bbox 1620 2548 1696 2575; x_wconf 80' lang='lat' dir='ltr'><strong>cu·-</strong></span> 
     </span>
     <span class='ocr_line' id='line_1_34' title="bbox 326 2608 1695 2666; baseline -0.004 -14"><span class='ocrx_word' id='word_1_301' title='bbox 326 2611 399 2666; x_wconf 86' lang='lat' dir='ltr'><strong>jus</strong></span> <span class='ocrx_word' id='word_1_302' title='bbox 438 2612 620 2663; x_wconf 84' lang='lat' dir='ltr'><strong>interest,</strong></span> <span class='ocrx_word' id='word_1_303' title='bbox 661 2613 886 2653; x_wconf 85' lang='lat' dir='ltr'><strong>revocandi</strong></span> <span class='ocrx_word' id='word_1_304' title='bbox 921 2620 1178 2666; x_wconf 86' lang='lat' dir='ltr'><strong>potestatem.</strong></span> <span class='ocrx_word' id='word_1_305' title='bbox 1250 2614 1320 2654; x_wconf 83' lang='lat' dir='ltr'><strong>Sic</strong></span> <span class='ocrx_word' id='word_1_306' title='bbox 1350 2628 1388 2655; x_wconf 83' lang='lat' dir='ltr'><strong>v.</strong></span> <span class='ocrx_word' id='word_1_307' title='bbox 1421 2629 1456 2653; x_wconf 91' lang='lat' dir='ltr'><strong>c.</strong></span> <span class='ocrx_word' id='word_1_308' title='bbox 1498 2612 1601 2650; x_wconf 84' lang='lat' dir='ltr'><strong>inter</strong></span> <span class='ocrx_word' id='word_1_309' title='bbox 1631 2608 1695 2661; x_wconf 65' lang='lat' dir='ltr'><strong>Vi’.</strong></span> 
     </span>
    </p>
   </div>
  </div>
 </body>
</html>
