1784 3123
273 231 335 275 14

273 337 329 379 ad
346 337 473 379 {inem
489 334 590 376 tituli
610 333 742 375 XXII.
764 332 987 377 referenda
997 340 1110 386 sunt3
1139 334 1280 376 ultima
1307 346 1406 377 vero
1428 347 1629 396 paragra·-

272 411 362 467 pho
385 410 554 451 militum
579 407 710 447 libera
742 409 1093 450 testamentifactio
1123 408 1367 464 explicatur,
1397 411 1511 461 qnod
1537 412 1631 466 qui-

275 484 370 524 dem
391 482 424 521 si
442 483 622 520 extremo
643 480 758 520 titulo
775 478 867 523 XX.
886 480 1115 535 legeretur,
1147 481 1345 537 aptiorem
1370 479 1485 522 haud
1508 482 1632 525 dubie

272 555 409 595 locum
427 549 640 594 obtineret.
702 552 914 593 Postremo
932 552 1036 594 tituli
1061 555 1230 596 XXVII.
1265 552 1492 607 inscriptio:
1523 553 1632 604 „De

271 624 534 684 libertorum
565 621 903 666 successionibus
931 624 1002 664 vel
1041 624 1224 680 bonie,“
1271 625 1470 680 triplicem
1505 624 1633 667 habet

272 697 507 739 offensionis
535 711 721 747 causam,
751 701 836 736 tum
868 702 1041 752 propter
1065 698 1488 753 interpretamentum,
1518 698 1633 753 quod

272 772 407 812 verbis
439 771 541 824 „vel
572 769 729 812 bonis“
758 769 880 823 inest,
911 776 953 811 et
984 766 1283 826 supervacuum
1323 777 1365 813 et
1406 772 1458 813 ab
1489 763 1632 813 ins'cri-

272 845 422 900 ptionis
453 844 590 885 indole
620 844 821 894 alienum,
851 848 939 884 tum
971 843 1084 898 quod
1107 843 1248 883 ultima
1282 844 1401 884 huius
1434 844 1535 884 tituli
1555 856 1634 898 pa-

274 917 503 972 ragraphus
527 929 609 957 non
639 916 692 956 ad
710 917 946 957 libertorum
982 922 1137 958 tantum
1160 916 1434 957 successiones
1464 920 1634 970 spectat,

274 1002 418 1029 verum
451 989 505 1029 ad
544 1002 668 1029 omne
707 989 935 1044 legitimae
972 989 1236 1030 hereditatis
1275 985 1375 1043 jus,
1428 987 1541 1039 quod
1585 1000 1635 1027 ex

276 1060 378 1115 lege
409 1060 642 1102 duodecim
674 1060 930 1103 tabularum
962 1060 1171 1102 descendit
1188 1092 1200 1113 ,
1240 1066 1328 1101 tum
1360 1058 1473 1113 quod
1501 1058 1636 1100 titulus

274 1134 427 1174 XXIX.
461 1134 633 1174 eandem
657 1134 745 1174 fere
761 1147 862 1191 prae
888 1130 932 1174 se
951 1133 1031 1174 fert
1053 1133 1381 1188 inscriptionem:
1421 1130 1528 1184 „De
1558 1130 1636 1172 bo·-

276 1206 345 1247 m‘s
384 1205 700 1259 libertorum‚“
745 1206 934 1247 nimirum
971 1206 1096 1262 ipsius
1127 1210 1370 1261 argumento
1400 1216 1636 1257 accommo-

277 1279 497 1332 datiorem,
528 1294 604 1319 nec
636 1293 733 1320 sane
764 1275 957 1320 credibile
992 1284 1090 1332 est,
1133 1279 1234 1319 duos
1265 1278 1555 1332 Ulpianum
1583 1276 1637 1317 ti-

276 1352 402 1404 tulos,
434 1351 645 1407 paululum
661 1352 763 1392 inter
783 1365 826 1392 se
847 1350 1060 1404 distantes,
1090 1364 1225 1407 paene
1243 1349 1388 1391 iisdem
1409 1349 1543 1390 verbis
1571 1348 1636 1389 in-.

275 1424 496 1477 scripsisse.
536 1446 601 1455 --
679 1423 746 1463 En
780 1423 904 1477 igitur
934 1424 1058 1478 longa
1099 1424 1221 1465 series
1268 1421 1636 1474 incommodorum,
1685 1422 1689 1426 ’

275 1495 421 1549 quibus
450 1494 638 1552 rubricae
656 1495 998 1551 Fragmentorum
1014 1496 1236 1552 Ulpiani
1266 1495 1474 1547 laborant,
1506 1507 1637 1548 quae-

274 1582 355 1621 que
384 1572 537 1607 tantam
563 1567 777 1621 profecto,
821 1569 854 1608 si
889 1568 989 1621 quid
1022 1568 1165 1622 video,
1195 1569 1279 1609 vim
1305 1568 1479 1619 habent,
1516 1571 1562 1606 ut
1583 1566 1636 1607 ab

273 1640 512 1694 Ulpiano
535 1640 624 1694 ipso
651 1639 882 1694 profectam
904 1653 993 1680 esse
1022 1641 1231 1680 titulorum
1261 1639 1390 1691 istam,
1417 1638 1545 1694 qualis
1562 1632 1637 1679 ho-

277 1712 344 1752 die
373 1716 525 1760 exstat,
569 1711 904 1766 descriptionem,
951 1712 1019 1753 vix
1067 1717 1138 1752 aut
1173 1726 1226 1752 ne
1260 1712 1327 1751 vix
1365 1711 1532 1765 quidem
1561 1711 1638 1751 de-

241 1821 246 1826 .
277 1783 390 1824 fendi
445 1783 587 1838 possit.
663 1784 775 1834 Quid
803 1798 900 1825 vero
922 1785 944 1825 ἓ
1012 1784 1131 1837 Quae
1165 1785 1206 1826 in
1253 1784 1495 1845 contrariam
1537 1797 1639 1839 par-
1690 1784 1693 1786 ’

277 1863 362 1899 tem
401 1856 540 1898 afferri
578 1861 747 1911 possunt
791 1863 1029 1912 argumenta
1077 1873 1201 1914 supra
1245 1858 1458 1914 proposita
1474 1886 1487 1909 ,
1540 1871 1639 1899 uum

278 1945 329 1971 ea
374 1930 617 1970 arbitremur
664 1929 778 1970 nihili
826 1930 1014 1972 facienda
1069 1945 1156 1970 esse
1173 1932 1195 1970 Ρ
1282 1930 1332 1970 ld
1377 1944 1524 1970 vereor
1585 1944 1639 1971 ne

278 2003 404 2057 paulo
467 2002 639 2056 iniquius
698 2001 758 2044 sit.
810 2024 874 2033 —-
976 2000 1175 2041 Omnibus
1232 2001 1370 2054 itaque
1422 2003 1637 2057 perpensis

277 2074 425 2114 inclino
454 2073 646 2127 equidem
673 2073 715 2112 in
744 2086 835 2114 eam
866 2073 1156 2128 suspicionem,
1204 2087 1327 2125 quam
1358 2073 1411 2114 de
1443 2074 1637 2116 rubricis

277 2147 469 2188 tituli-sve
487 2146 532 2186 in
555 2144 682 2186 libris
692 2142 815 2199 juris
839 2139 1039 2186 summ'ae
1057 2145 1340 2201 singularum
1353 2146 1637 2202 paginarum

280 2231 388 2260 orae
406 2217 606 2264 adscribi
625 2217 786 2269 solitis,
820 2230 964 2272 nuper,
984 2217 1062 2258 Hu
1074 2231 1140 2273 go
1166 2223 1207 2259 et
1224 2219 1265 2261 in
1281 2232 1449 2259 censura
1484 2217 1636 2259 disser-

278 2291 435 2331 tationis
459 2306 575 2334 meae
598 2296 914 2340 commemorata
944 2303 988 2344 p.
1012 2288 1145 2336 1684,
1175 2296 1216 2332 et
1248 2291 1289 2332 in
1317 2290 1532 2332 novissima
1556 2291 1636 2331 Hi-

277 2364 423 2407 storiae
439 2363 522 2419 J‘ur.
555 2365 677 2404 Rom.
709 2362 886 2403 editione
925 2376 969 2416 p.
1006 2361 1108 2405 774.
1136 2365 1373 2420 proposuit,
1423 2363 1548 2403 allato
1577 2348 1634 2404 ad

277 2450 368 2476 eam
389 2435 707 2478 confirmandam
724 2435 1012 2475 Vaticanorum
1032 2435 1137 2491 juris
1162 2436 1341 2478 Romani
1360 2434 1636 2489 Fragmentu-

278 2522 367 2549 rum
391 2509 594 2563 exemplo.
658 2508 777 2559 Quae
798 2506 965 2561 quidem
992 2522 1056 2549 res
1077 2508 1169 2564 jam
1198 2509 1251 2550 de
1275 2506 1491 2563 Ulpiani
1517 2507 1635 2556 libro,

280 2579 396 2634 cujus
421 2581 671 2636 Fragmenta
698 2585 938 2630 tractamus,
976 2581 1100 2634 paulo
1134 2581 1355 2622 accuratius
1382 2576 1639 2634 explananda

282 2652 370 2693 erit.
432 2652 501 2693 Sic
523 2653 648 2709 igitur
672 2652 773 2694 mihi
797 2658 952 2695 statuo:
992 2653 1038 2693 in
1067 2653 1382 2709 amiquissimis
1407 2650 1501 2707 ejus
1533 2648 1635 2692 libri
