1784 3123
310 231 374 276 ’ίο

307 336 528 379 Foeminae
545 334 712 389 quidem
726 347 803 390 per
827 336 1034 391 populum
1050 337 1287 378 Romanum
1298 344 1386 377 non
1405 343 1673 391 arrogantur·
1659 304 1685 388 3>

307 400 383 457 sed
411 402 583 454 possunt
605 398 789 452 arrogari
815 410 866 437 ex
892 399 1174 440 constitutione
1198 396 1473 448 Antonini,
1508 396 1674 450 sument,

305 474 385 516 per
402 459 646 514 rescriptum
661 458 883 513 Principis.
912 473 1008 501 nam
1029 461 1198 504 credere
1215 461 1322 510 licet,
1345 457 1674 501 constitutionem

306 521 559 564 Antonini
577 535 626 562 ea
645 521 777 561 forma
805 522 1107 576 arrogationem
1127 523 1416 570 foeminarum,
1441 525 1484 560 et
1505 519 1675 562 forsitan
1753 514 1762 531 ¹

307 583 429 625 etiam
445 583 629 635 aliorum,
639 573 782 637 quibus
801 595 884 622 non
900 588 987 623 erat
1003 585 1266 626 commodum
1275 575 1498 626 convocare
1509 581 1671 623 comitia

305 645 466 702 populi,
483 645 739 702 permisisse.
727 647 753 668 ‘⁶
776 643 886 684 Tota
901 643 1006 685 haec
1017 645 1093 685 viri
1109 645 1331 688 doctissimi
1340 643 1558 701 disputatio
1571 643 1673 684 mihi

308 708 481 762 quidem
492 706 791 748 videturavero
801 707 1003 747 aberrare.
1025 706 1209 747 Primum
1217 707 1408 748 videlicet
1423 706 1531 747 istud
1547 705 1673 762 „qui-

311 771 442 811 dem“
450 770 553 810 falso
566 768 772 809 intellexit.
803 768 968 809 Etenim
981 769 1013 809 si
1030 768 1113 809 hoc
1124 769 1318 809 voluisset
1335 767 1596 822 Ulpianus
1616 767 1674 808 si-

308 832 518 888 gnificare,
538 830 710 872 feminas
732 830 811 871 alia
827 836 938 872 certe
950 831 1118 885 ratione,
1134 825 1258 884 quiam
1274 844 1352 885 per
1369 830 1571 885 populum
1583 830 1674 871 Ro·-
1691 857 1694 861 -

311 907 489 945 manum,
504 893 686 948 arrogari
703 906 836 947 posse,
855 893 1033 934 debebat
1052 906 1102 934 ex
1121 893 1260 950 logica
1271 897 1312 933 'et
1325 891 1591 947 grammatica
1606 905 1675 934 ra-

308 957 420 997 tione
452 955 560 995 istud
596 955 829 1010 ‚‚quz'dem“
855 956 1011 996 verbis.
1043 969 1158 1010 „per
1178 954 1386 1013 populum
1415 954 1678 996 Romanum“

311 1017 574 1073 subjungere.
619 1017 726 1057 Cum
743 1031 842 1058 vero
857 1023 954 1072 post
965 1016 1218 1073 ‚ffeminae“
1238 1016 1481 1056 collocatum
1492 1016 1678 1070 reperia-

308 1085 410 1133 ιιιι·,
424 1093 591 1122 necesse
613 1084 674 1121 est
686 1079 793 1122 aliud
805 1079 917 1135 quid
939 1078 1035 1121 huic
1055 1078 1325 1122 enunciationi
1344 1075 1583 1135 oppositum
1613 1078 1677 1130 sit,

310 1143 471 1195 idque
460 1156 504 1182 m
529 1143 803 1200 pupillorum
844 1143 1101 1198 arrogatione
1138 1142 1331 1196 deinceps
1360 1145 1678 1181 commemorata

313 1205 500 1246 cernitur.
573 1204 685 1245 Tum
723 1219 813 1247 nec·
839 1204 942 1245 illud
980 1205 1189 1245 Watero
1232 1200 1541 1249 concedendum
1589 1207 1677 1255 2est,

314 1266 431 1321 quod
462 1266 679 1318 existimat,
710 1267 961 1309 Antonini
991 1267 1071 1309 Pii
1098 1267 1383 1308 constitutione
1407 1265 1679 1306 introductam

316 1341 406 1368 esse
438 1341 531 1367 eam
563 1329 826 1382 arrogationis
856 1330 1057 1383 formam,
1089 1342 1196 1382 quae
1222 1341 1273 1369 ex
1290 1327 1510 1382 rescripto
1519 1323 1678 1368 Princi-

312 1388 379 1446 pis
412 1389 472 1446 fit.
547 1389 739 1443 Namque
774 1397 818 1431 ιιι
855 1396 1012 1432 taceam
1044 1396 1351 1446 argumentum,
1393 1403 1477 1443 quo
1512 1388 1679 1442 quidem

312 1451 383 1491 ille
414 1451 505 1503 ipse
534 1450 593 1490 uti
624 1451 808 1491 nondum
834 1453 992 1505 potuit,
1024 1465 1076 1491 ex
1102 1452 1200 1491 Ga
1180 1465 1227 1505 ,11
1256 1451 1567 1491 Institutionibus
1600 1451 1678 1491 de-

313 1517 522 1568 promtum
535 1542 547 1564 ,
565 1511 739 1566 quippe
760 1512 804 1552 in
832 1513 978 1566 quibus
1004 1512 1113 1553 nulla
1138 1517 1267 1553 exstet
1291 1511 1577 1552 constitutionis
1592 1506 1677 1553 Im-

314 1574 517 1631 peratoris
537 1574 813 1626 Antonini,
839 1588 945 1627 quae
968 1575 1087 1615 istam
1113 1573 1379 1629 arrogationis
1410 1574 1586 1614 formam
1614 1574 1678 1615 in-

313 1635 566 1689 troduxerit,
597 1637 750 1676 mentio
764 1636 986 1690 ,quamvis
1014 1635 1101 1691 ejus
1134 1635 1515 1676 commemorandae
1544 1635 1614 1676 lib.
1632 1636 1677 1677 1.

313 1694 397 1756 §§.
430 1696 535 1741 101.
572 1703 613 1739 et
646 1697 771 1742 1112.
797 1698 1083 1754 opportunitas
1129 1698 1267 1739 oblata
1313 1704 1441 1748 esset;
1491 1711 1543 1739 ex
1579 1698 1677 1755 ipsis
1706 1689 1720 1704 ⁹

314 1761 572 1815 Fragmentis
605 1762 750 1800 nostris
791 1761 930 1815 opinio
961 1761 1160 1801 Wateri
1195 1761 1361 1800 refutari
1397 1759 1558 1815 poterit.
1632 1761 1680 1802 Si

316 1822 424 1865 enim
451 1821 670 1879 Ulpiani
697 1828 828 1864 aetate
853 1822 1150 1874 increbruisset,
1181 1828 1227 1863 ut
1258 1822 1534 1878 arrogationes
1559 1822 1680 1865 Prin-

317 1885 419 1938 cipis
447 1898 578 1936 aeque
607 1897 655 1923 ac
680 1885 828 1937 populi
861 1885 1097 1924 auctoritate
1123 1885 1288 1934 fierent,
1319 1898 1452 1924 nonne
1484 1883 1679 1925 credibile

316 1952 405 1998 est,
435 1944 724 2000 Ulpianum
749 1945 807 1985 tit.
835 1944 943 1985 VIII.
966 1941 1008 2001 §.
1038 1944 1100 1998 2.,
1132 1945 1203 1985 ubi
1239 1944 1416 1992 diversas
1447 1944 1678 2002 adoptionis

314 2008 466 2048 formas
496 2007 552 2047 ita
587 2012 818 2047 enumerat:
872 2006 1094 2061 „Adoptio
1136 2007 1183 2047 fit
1225 2012 1295 2047 aut
1341 2021 1419 2062 per
1459 2009 1677 2064 populum,

314 2075 384 2110 aut
408 2084 489 2125 per
512 2075 746 2124 praetorem
761 2098 773 2119 ‚
805 2069 872 2109 vel
903 2069 1135 2123 praesidem
1161 2070 1405 2123 provinciae.
1475 2070 1551 2111 llla
1572 2069 1678 2111 ado-

312 2132 402 2188 ptio
416 2161 429 2182 ‚
465 2133 572 2187 quae
599 2146 678 2187 per
699 2132 903 2187 populum
928 2131 988 2182 fit,
1021 2131 1249 2187 specialiter
1265 2132 1470 2188 arrogatio
1493 2126 1678 2185 di‘cit'm-f‘

314 2208 474 2246 nonne,
505 2195 690 2248 inquam,
720 2194 913 2234 credibile
946 2200 1030 2244 est,
1060 2194 1143 2234 hoc
1168 2195 1261 2234 loco
1288 2209 1383 2235 eum
1409 2196 1532 2235 etiam
1561 2207 1676 2234 arro-

313 2256 522 2309 gationem
551 2270 629 2311 per
678 2255 912 2318 Principem
933 2256 1034 2296 fieri
1068 2256 1227 2297 solitam
1266 2261 1676 2298 commemoraturum

312 2318 460 2359 fuisse.
452 2317 472 2347 Ρ
509 2318 769 2358 Inveniuntur
794 2310 996 2371 quidem
972 2332 1065 2372 Jam
1079 2324 1172 2359 ante
1186 2319 1437 2360 Antonini
1467 2318 1546 2359 Pii
1569 2325 1676 2360 tem-

311 2392 419 2437 pora
449 2379 606 2436 singula
632 2381 936 2434 arrogationum
970 2380 1169 2435 Principis
1199 2381 1437 2421 auctoritate
1475 2379 1676 2422 factarum

316 2442 531 2497 exempla,
564 2442 675 2481 velut
697 2442 809 2495 apud
823 2443 1061 2483 Taciturn
1084 2442 1236 2483 Histor.
1265 2442 1297 2482 1.
1320 2455 1355 2482 c.
1378 2441 1449 2483 18.
1472 2447 1514 2484 et
1541 2443 1676 2485 Sue-

312 2504 516 2545 tonium
535 2504 576 2543 in
594 2502 730 2544 Galba
750 2517 783 2543 c.
808 2503 892 2556 17„
919 2504 1016 2544 item
1043 2504 1155 2558 apud
1174 2504 1515 2558 Sp‘artianum·
1531 2505 1572 2545 in
1589 2502 1676 2543 Ha-

314 2564 454 2605 driano
482 2580 516 2606 c.
551 2564 593 2606 3.
612 2569 653 2605 et
670 2563 728 2614 4.‚
756 2565 829 2612 sed
855 2571 988 2606 extra
1019 2565 1222 2606 ordinem
1251 2566 1345 2606 talia
1364 2566 1568 2607 interdum
1583 2575 1675 2604 eve-

317 2627 447 2680 nisse,
479 2628 540 2683 (in
566 2641 692 2682 quam
719 2629 954 2670 sententiam
982 2629 1105 2669 etiam
1125 2628 1175 2670 L.
1203 2627 1275 2671 21.
1297 2628 1349 2671 D.
1367 2628 1421 2669 de
1452 2625 1675 2680 adoption„
