1784 3123
329 192 392 237 18

328 295 447 338 titulo
470 294 706 336 continetur.
770 292 836 335 De
857 307 980 336 causa
997 274 1130 348 ‘ver-o,
1159 306 1241 349 qua
1257 292 1415 336 factum
1435 298 1510 350 sit,
1539 306 1584 348 ut
1601 300 1683 344 ho-

330 369 398 410 die
422 368 557 409 titulus
585 367 655 406 ille
695 365 750 405 ab
783 365 1051 414 antecedente
1071 370 1278 422 separatus
1304 369 1457 419 exstet,
1486 372 1684 424 peculari

331 447 373 483 et
400 452 570 482 numero
599 443 642 479 et
671 437 930 499 inscriptione
956 439 1187 495 insignitus,
1242 438 1341 494 quid
1372 437 1576 492 equidem,-
1589 454 1684 493 sen-

330 515 452 566 tiam,
485 524 535 552 ex
562 524 688 565 supra
716 509 833 551 dictis
861 523 933 550 sua
959 517 1107 565 sponte
1136 517 1319 568 apparet.
1382 509 1576 577 Ceterum
1602 526 1685 560 non

330 584 600 626 dubitandum
617 583 800 635 videtur,
832 583 928 636 quin
954 588 995 622 et
1020 582 1061 622 in
1087 582 1175 638 'ejus
1207 585 1330 638 tituli,
1362 583 1415 625 de
1442 596 1525 638 quo
1558 573 1685 626 modo

330 659 526 710 diximus,
568 657 829 712 inscriptione
861 656 921 710 (‚,
931 654 1002 696 De
1044 654 1304 699 libertanum
1341 655 1687 704 successionibus

330 731 399 771 vel
432 722 645 783 honis'‚“)
678 730 773 769 bina
795 728 943 768 verba':
975 728 1080 777 „vel
1111 727 1289 781 bonis“,
1320 735 1361 770 et
1385 731 1426 770 in
1443 728 1609 777 secundi
1633 729 1687 770 ti-

330 804 403 845 tuli
431 802 594 844 rubrica
626 800 753 854 („De
783 805 907 841 statu
939 800 1117 842 zebei-21:⁶⁶
1150 799 1200 856 [i.
1230 815 1265 841 e.
1291 801 1444 858 libero]
1478 802 1574 856 „vel
1596 806 1689 843 sta-²

330 881 376 915 tu
402 874 549 915 liberis
560 873 636 926 “,)
683 873 757 911 tria
786 873 914 912 verba
953 873 1177 927 posteriora
1207 886 1286 927 pro
1324 873 1687 928 interpretamentis

329 947 476 988 haberi
509 949 719 1000 oporteat,
764 957 789 983 a
822 944 989 985 librario
1014 945 1192 998 quodam
1215 945 1369 985 idcirco
1402 946 1594 1000 adjectis,
1636 959 1689 985 ne

331 1020 414 1058 illic
443 1015 733 1058 successionis
756 1017 1003 1056 vocabulum
1030 1018 1158 1057 activa
1189 1031 1261 1058 seu
1291 1017 1535 1072 subjectiva,
1566 1029 1690 1071 quam

332 1091 493 1142 dicunt,
538 1089 834 1144 significatione
867 1091 1124 1144 acciperetur
1159 1105 1237 1145 pro
1260 1088 1367 1144 jure
1397 1089 1690 1142 succedendi,

331 1177 432 1203 neve
451 1162 520 1202 hic
545 1161 672 1201 verba
717 1165 876 1212 „statu
904 1161 1041 1203 libero
1053 1165 1078 1186 “
1108 1164 1164 1203 ita
1194 1163 1537 1219 intelligerentur,
1575 1161 1691 1217 quasi

333 1235 569 1279 substantivi
589 1241 629 1275 et
647 1233 837 1289 adjectivi
858 1235 940 1276 vim
965 1235 1186 1285 haberent;
1217 1236 1396 1289 nisi-quis
1416 1236 1523 1276 forte
1543 1236 1695 1281 horum

334 1309 704 1349 additamentorum
726 1319 888 1345 causam
915 1308 956 1346 in
976 1321 1027 1348 eo
1055 1322 1252 1361 quaerere
1280 1308 1412 1359 malit,
1443 1306 1556 1360 quod
1571 1306 1690 1346 libra-

331 1381 414 1421 rius
442 1379 645 1435 quispiam
672 1377 852 1418 diversas
875 1378 961 1420 illas
995 1380 1246 1421 rubricarum
1272 1379 1425 1420 formas
1455 1379 1497 1419 in
1524 1378 1690 1419 diversis

333 1452 544 1492 codicibus
578 1450 798 1501 invenerit,
830 1464 965 1504 neque
993 1453 1116 1493 ullam
1143 1450 1545 1507 praetermittendam
1567 1455 1691 1506 puta-

335 1525 449 1565 verit.
474 1549 527 1556 —
561 1522 672 1563 Tum
695 1522 866 1563 fortasse
888 1525 1009 1564 etiam
1034 1525 1134 1564 illud
1149 1524 1477 1575 incommodum,
1537 1522 1622 1564 uod
1638 1522 1692 1562 de

334 1597 438 1638 tituli
456 1596 609 1637 XXIII.
629 1597 889 1652 inscriptione
911 1597 1026 1637 nimis
1044 1602 1216 1652 anguste
1233 1601 1432 1651 concepta
1455 1594 1692 1646 notavimus

333 1669 390 1710 ita
417 1668 611 1723 explicari
630 1670 800 1724 poterit,
831 1676 877 1710 ut
901 1674 1121 1710 statuamus
1134 1700 1146 1720 ‚
1179 1671 1454 1724 quaestionem
1482 1669 1535 1709 de
1562 1668 1691 1722 ruptis

334 1747 375 1782 et
411 1741 528 1781 irritis
561 1741 676 1782 factis
703 1742 950 1782 testamentis
987 1742 1029 1780 in
1062 1741 1286 1796 antiquiore
1322 1742 1466 1782 codice
1498 1753 1579 1781 non
1611 1753 1693 1780 una

333 1813 563 1867 eademque
587 1815 746 1870 pagina
762 1812 1096 1868 comprehensam
1120 1815 1264 1869 fuisse,
1296 1814 1371 1856 sed
1393 1828 1471 1870 per
1495 1812 1595 1855 duas
1613 1826 1693 1869 pa-

332 1887 470 1942 ginas,
502 1886 598 1928 licet
614 1900 698 1928 non
721 1892 847 1937 totas,
879 1886 1140 1940 pertinuisse,
1172 1893 1294 1940 atque
1321 1887 1376 1927 ad
1401 1887 1581 1941 priorem
1606 1890 1692 1926 tan-

334 1964 422 1999 tum
442 1959 659 2013 paginam,
690 1959 731 1998 in
752 1972 834 2011 qua
852 1958 907 2001 de,
925 1958 1056 2012 ruptis
1074 1959 1319 1999 testamentis
1338 1959 1533 2012 scriptum
1557 1958 1692 2011 fuerit,

335 2035 544 2086 spectasse
567 2031 790 2071 rubricam:
822 2061 847 2083 „
861 2029 1245 2088 Quemadmodum
1269 2035 1531 2072 testamenta
1570 2026 1692 2073 rum-

331 2106 552 2159 puntur.“
581 2125 644 2135 -·
692 2104 784 2146 Alia
809 2117 908 2144 vero
934 2102 1051 2156 vitia,
1083 2102 1222 2143 itidem
1248 2104 1289 2143 in
1316 2117 1366 2144 eo
1393 2104 1547 2159 posita,
1579 2101 1693 2156 quod

336 2176 663 2231 inscriptionibus
683 2177 890 2217 titulorum
918 2189 1066 2231 parum
1090 2175 1312 2231 respondet
1334 2181 1618 2232 argumentum
1645 2175 1690 2215 iis

337 2247 589 2302 subjectum,
631 2263 681 2289 ex
708 2249 793 2290 aliis
823 2250 951 2291 causis
982 2249 1207 2303 repetenda
1231 2254 1368 2301 erunt,
1411 2250 1521 2291 velut
1545 2261 1595 2289 ex
1627 2262 1692 2300 eo,

336 2317 452 2371 quod
479 2318 629 2359 librarii
652 2322 863 2362 nonnullas
888 2322 1071 2361 rubricas
1101 2321 1263 2377 singulis
1292 2323 1548 2375 antiquorum
1575 2319 1691 2360 codi-

337 2403 430 2430 cum
455 2390 616 2446 paginis
642 2394 893 2447 praepositas
919 2395 1042 2450 plane
1076 2395 1299 2447 omiserint,
1341 2394 1452 2445 unde
1478 2394 1691 2449 explican-

338 2462 435 2502 dum
456 2469 579 2518 puto,
612 2464 725 2516 quod
748 2468 947 2518 posterior
975 2480 1070 2521 pars
1091 2468 1193 2507 tituli
1219 2466 1350 2507 XXII.
1377 2466 1472 2507 inde
1498 2481 1524 2507 a
1549 2463 1593 2523 §.
1619 2464 1688 2522 If}-

338 2532 392 2573 ad
409 2534 710 2591 inscriptionem
729 2551 811 2579 non
830 2541 1026 2591 convenit,
1057 2541 1123 2581 vel
1142 2540 1392 2580 diversorum
1415 2539 1602 2579 codicum
1619 2548 1690 2575 ru-

337 2605 468 2647 bricas
505 2609 738 2651 miscuerint
786 2611 962 2667 aliasque
993 2613 1048 2653 ad
1078 2614 1216 2654 locum
1247 2612 1359 2654 haud
1398 2613 1689 2666 congruentem
