1755 3123
1358 214 1421 259 65

76 323 374 368 substituerunt
385 328 448 362 ,ιι-ν’-
472 319 561 375 jzln
577 316 804 374 posteriore
819 322 953 360 antem
970 322 1087 373 parte
1099 317 1193 358 'duo
1209 317 1336 358 verba
1355 320 1422 359 of->

77 396 267 440 fendunt:
298 391 618 451 „quadriennio
628 392 654 414 “
675 393 717 431 et
732 389 1057 447 ‚‚repensatio“.
1086 414 1088 419 .
1124 390 1264 445 Atque
1285 403 1337 431 ex
1353 390 1422 431 illo

75 469 244 523 quidem
264 462 568 517 verbus-quod
587 462 681 517 ‘jam
712 462 1094 518 ‘Sfchruvltingius
1104 469 1136 515 ,ξ’
1156 469 1305 519 utpote
1327 462 1428 504 huie

78 541 173 583 loeo
195 534 671 587 nonaccommodatum‚
701 535 781 588 in'„
792 535 978 578 triennio
986 537 1013 560 “
1032 535 1276 585 mutandum,
1290 535 1428 591 suspi-

78 616 191 655 catus
212 616 349 661 =erat,·
386 608 543 663 uago
591 609 929 663 praestantissima
958 608 1241 662 emendatione
1268 608 1427 649 effecit:

75 698 194 740 qaae
209 679 396 725 triennio
405 695 421 727 ‚·
450 679 506 720 ita
522 684 566 719 ut
580 691 663 720 non
678 681 847 735 amplius
859 695 962 736 opus
972 681 1023 722 sit
1037 680 1314 722 additamento
1331 681 1427 721 isto:

76 755 200 810 qaod
210 759 222 804 '‚
254 764 341 804 quo
353 750 540 794 videlicet
555 752 718 806 plurimi
741 753 915 793 editores
934 758 1027 793 ante
1044 754 1321 807 Hugonem
1345 751 1428 791 duo

73 830 286 881 postrema
299 823 401 866 illius
416 823 502 864 -loci
520 824 654 866 verba:
672 837 766 864 cum
785 825 1111 866 antecedentibus
1137 822 1429 879 conjungenda

78 897 408 938 existimaverant.
440 918 500 926 —
562 895 689 946 Quod
706 909 804 936 vero
825 896 936 936 idem
962 897 1020 936 vir
1044 896 1294 937 doctissimus
1325 895 1430 935 alte—

76 970 167 1011 rum
183 968 426 1011 vocabulum
448 967 645 1009 tuendum
670 972 815 1023 putat&
855 968 990 1024 (cujus
1010 969 1278 1025 patrocinium
1307 968 1429 1009 etiam

72 1042 110 1082 S
121 1042 169 1082 al
180 1056 221 1082 m
232 1042 309 1082 asi
320 1055 345 1081 u
356 1055 373 1081 s
407 1040 461 1084 de.
476 1039 603 1081 modo
623 1053 776 1082 usurar.
800 1054 834 1081 c.
852 1040 894 1081 4.
910 1042 952 1082 in
969 1043 1036 1082 fin.
1055 1046 1307 1096 susceperat,
1345 1054 1427 1095 Ρη·-

77 1127 168 1155 rum
198 1127 293 1154 sane
310 1113 487 1155 ‘feliciter
507 1117 717 1166 postrema
739 1113 859 1168 hujus
887 1114 967 1154 loci
991 1113 1127 1154 verba
1143 1115 1201 1156 ita
1216 1114 1428 1156 ‘restituere

79 1190 266 1227 conatus:
298 1190 519 1238 „quantum
535 1185 576 1224 in
592 1185 659 1224 illa
676 1185 772 1225 dote
792 1185 1042 1239 quadriennii
1054 1186 1257 1226 redituum
1275 1199 1430 1239 repen-

79 1258 179 1298 satio
200 1257 383 1311 facit,“)
415 1255 459 1296 id
475 1256 530 1295 illi
547 1270 630 1296 non
646 1257 849 1297 assentior.
912 1254 1103 1310 Namque
1128 1270 1209 1302 vox
1231 1269 1429 1311 repensa-

74 1329 219 1381 'tionisj
266 1327 611 1382 quemadmodum
649 1329 772 1385 Hu‘g
784 1335 810 1369 o
850 1329 941 1384 ipse
978 1329 1021 1368 in
1048 1324 1306 1370 Promtuario
1325 1326 1428 1382 juris

79 1403 153 1441 civ.
169 1401 290 1443 Tom.
306 1401 356 1441 V.
373 1415 417 1455 p.
438 1399 540 1446 253.
556 1385 722 1453 fatetur,
753 1408 951 1453 nusquam
972 1401 1082 1455 apud
1100 1406 1256 1442 veteres
1273 1400 1430 1439 inveni-

77 1477 164 1522 tur3
204 1477 246 1513 et
274 1474 455 1526 quamvis
482 1473 602 1512 facile
624 1472 765 1526 possit
785 1485 836 1512 ex
854 1472 1119 1528 repensandi
1133 1472 1262 1512 verbo
1281 1471 1431 1511 deduci

79 1550 121 1585 et
144 1545 323 1596 formari,
339 1550 475 1584 tamen
493 1545 584 1598 ipsa
601 1545 660 1584 vis
678 1557 726 1583 ac
742 1549 931 1598 potestas,
964 1557 1087 1595 quam
1111 1544 1149 1583 ei
1164 1544 1283 1600 tribui
1302 1558 1430 1598 opor-

77 1621 186 1669 teat,
211 1617 271 1657 -ab
291 1617 362 1657 illo
393 1616 609 1672 Ulpiani
638 1616 730 1655 loco
751 1615 878 1655 aliena
898 1614 981 1654 erit.
1016 1613 1123 1655 Cum
1149 1615 1256 1656 enim
1272 1629 1431 1672 repen-

79 1702 185 1730 sare
198 1689 308 1729 idem
327 1688 527 1741 significet
545 1702 593 1727 ac
618 1699 919 1741 compensare,
959 1687 1090 1740 (velut
1105 1688 1148 1728 in
1163 1688 1213 1729 L.
1235 1687 1278 1731 8.
1304 1689 1351 1729 C.
1377 1688 1432 1728 de

70 1759 268 1813 locata.)
301 1772 551 1811 consequens
571 1763 650 1810 est,
681 1763 726 1798 ut
746 1758 867 1799 etiam
884 1759 1200 1814 repensationi‚
1243 1760 1433 1814 quando-

79 1831 244 1887 quidem
261 1829 364 1872 haec
383 1844 465 1872 vox
480 1830 736 1884 admittatur,
771 1832 1137 1887 compensationis
1153 1834 1264 1874 notio
1288 1833 1434 1888 subjici

79 1904 240 1946 debeat.
301 1902 359 1945 At
379 1917 477 1944 vero
493 1903 598 1944 haec
615 1905 705 1959 ipsa
722 1904 853 1956 notio,
884 1906 1123 1959 praesertim
1138 1906 1170 1946 si
1195 1905 1294 1946 nihil
1311 1905 1432 1946 addi-

79 1982 167 2018 tum
181 1977 243 2026 sit,
271 1976 386 2028 quod
405 1983 700 2031 compensetur,
733 1992 856 2031 quam
877 1978 934 2017 illi
954 1978 1047 2018 loco
1078 1978 1295 2032 Ulpiani
1331 1993 1433 2019 con-

79 2049 234 2100 veniat,
273 2048 463 2102 equidem
492 2063 574 2089 non
599 2050 741 2099 video3
781 2049 970 2103 quocirca
996 2063 1078 2089 non
1107 2051 1236 2105 magis
1253 2051 1434 2104 probare

7 2148 12 2153 -
81 2135 247 2176 possum
261 2121 476 2160 lectionem
500 2136 525 2161 a
543 2122 594 2161 M
603 2136 626 2162 e
635 2136 658 2162 e
669 2136 740 2161 rm
748 2136 772 2161 a
780 2135 806 2160 n
816 2135 841 2160 o
858 2125 1086 2173 receptam:
1120 2122 1430 2176 compensatio.

80 2193 298 2235 verissima
309 2197 444 2232 autem
463 2193 561 2232 mihi
578 2193 737 2233 videtur
755 2191 980 2233 emendatio
1001 2191 1086 2246 jam
1102 2193 1256 2233 dudum
1273 2207 1431 2248 propo-

83 2267 181 2306 sita:
212 2265 560 2323 repraesentatio
573 2295 585 2314 ,
609 2280 699 2320 ‘qua
717 2264 905 2305 videlicet
923 2264 1066 2304 solutio
1088 2264 1192 2306 dotis
1213 2265 1434 2318 antediem

82 2322 307 2393 legitimum
323 2340 430 2380 facta
447 2338 703 2399 significetur.
752 2336 956 2393 'Opponit
973 2337 1136 2392 quidem
1153 2339 1232 2380 Hu
1243 2353 1274 2395 g
1285 2353 1310 2379 o
1335 2324 1360 2379 l.
1384 2353 1434 2380 co

82 2424 228 2451 vocem
257 2411 700 2467 repraesentationis,
734 2425 826 2452 cum
837 2411 1093 2466 praesentis
1122 2412 1324 2452 solutionis
1352 2412 1435 2452 vim

83 2482 256 2536 habeat,
295 2498 379 2526 non
403 2484 650 2542 respondere
666 2484 723 2524 illi
742 2497 907 2539 causae,
948 2486 1018 2527 ubi
1035 2485 1110 2526 dos
1128 2498 1210 2525 non
1227 2498 1433 2539 praesens,

28 2609 30 2613 ι
86 2557 159 2597 sed
176 2570 317 2598 senum
334 2572 518 2600 mensum
534 2558 600 2600 die
616 2557 828 2599 reddenda
847 2559 918 2609 sit3
949 2563 1224 2600 verumtamen
1246 2571 1330 2598 non
1348 2563 1434 2599 tam

87 2630 220 2672 stricte
242 2630 590 2687 interpretandum
607 2645 695 2676 esse
711 2630 791 2673 hoc
805 2632 990 2687 verbum,
1018 2629 1091 2673 sed
1106 2629 1159 2671 ad
1179 2642 1342 2673 omnem
1367 2644 1435 2674 so-

1721 1537 1727 1572 „„
1722 1408 1729 1507 ,ψ’-...μ
1722 1310 1729 1380 -..ιν
