1784 3123
1398 210 1456 254 1³

106 321 218 360 sione
233 323 386 369 vacant.
413 347 415 350 ι
449 317 639 368 Namque
656 313 758 353 tituli
776 311 904 354 xxn.
922 313 1191 368 inscriptioni:
1223 342 1251 366 ‚,
1264 312 1350 371 Qui
1379 316 1456 356 he-

104 391 236 434 redes
266 389 433 434 institui
455 387 683 445 possunt-‘⁶
713 385 806 441 (vel
835 386 1090 444 „possint‚“
1131 386 1457 429 exemendatiou

103 478 156 505 ne
184 463 448 519 Hugoni8‚
480 474 585 513 quae
603 465 741 500 tamen
757 474 834 501 non
866 466 932 501 ,est
956 461 1202 511 necessaria,
1242 473 1335 500 cum
1365 473 1457 500 sae-

102 548 325 591 penumero
345 534 386 573 in
405 532 574 572 rubricis
591 546 616 572 a
634 533 759 574 verbo
791 562 817 585 ‚,
832 533 940 589 qu2'“
970 532 1038 572 vel
1063 532 1240 573 similiter
1257 533 1457 587 incipien-

101 609 208 649 tibus
239 603 528 655 indicativus,
568 605 638 658 qui
665 605 812 645 dicitur
826 636 838 657 ‚
878 604 1026 645 modus
1055 604 1303 657 reperiatur,
1345 605 1457 646 velut

101 679 224 719 Instit.
246 678 374 718 Just.
402 675 471 715 lib.
490 675 521 715 1.
548 676 604 716 tit.
628 675 683 728 6.,
707 676 792 729 12.,
822 676 893 716 14.
918 682 958 717 et
978 676 1066 727 22.‚
1098 676 1166 716 lib.
1185 675 1236 715 ll.
1261 681 1290 715 t.
1311 675 1367 728 8.‚
1398 676 1455 725 9.,

104 748 177 791 12.
197 754 238 788 et
256 746 342 801 17„
363 746 430 788 lib.
449 746 519 787 III.
537 753 565 787 t.
589 747 676 801 14„
697 749 770 790 28.
787 754 908 802 atque
933 747 1035 803 29.)
1067 748 1144 802 illi,
1176 747 1362 800 inquam,
1391 749 1455 788 in-

100 820 304 874 scriptioni
343 822 621 863 tantummodo
657 819 732 879 §§.
769 821 795 861 1
819 845 871 853 -—
896 820 969 874 13.
1013 820 1272 875 respondent.
1337 820 1456 870 Quae

100 893 207 932 enim
225 893 409 946 proxime
425 901 644 948 sequuntur
666 894 809 934 decem
832 892 1105 947 paragraphi,
1138 893 1193 933 ad
1214 907 1308 934 suos
1330 892 1455 933 here-

99 962 170 1003 des
187 970 497 1019 postumosque5
530 968 600 1019 qui
627 980 791 1007 suorum
815 965 1016 1009 heredum
1041 978 1208 1004 numero
1232 970 1343 1016 sunt,
1389 969 1452 1004 at-

97 1048 177 1088 que
206 1039 478 1092 emancipatos
505 1039 653 1079 liberos
671 1039 738 1078 vel
761 1037 935 1086 heredes
962 1036 1223 1077 instituendos
1238 1037 1303 1076 vel
1321 1036 1450 1076 exhe-

96 1106 299 1146 redandos
320 1115 527 1161 spectant3
561 1110 750 1163 deinceps
767 1109 862 1148 inde
883 1124 907 1148 a
933 1105 975 1163 ξ.
1005 1107 1077 1147 24.
1096 1122 1225 1160 usque
1249 1108 1303 1148 ad
1324 1109 1449 1147 finem

95 1176 199 1218 illius
229 1177 331 1218 tituli
354 1179 406 1220 de
435 1180 634 1221 heredum
660 1181 850 1233 qualitate
869 1186 910 1221 et
928 1179 1177 1230 differentia,
1211 1179 1449 1219 substituto—

96 1263 187 1289 rum
216 1263 380 1303 quoque
404 1253 558 1293 ratione
586 1253 745 1304 habita,
790 1253 1013 1307 exponitur.
1086 1252 1176 1290 Nec
1202 1263 1301 1291 vero
1320 1251 1450 1307 magis

97 1328 362 1364 consentanea.
429 1325 554 1365 videri
609 1330 747 1379 potest
806 1324 1008 1376 sequentis
1052 1322 1156 1362 tituli
1217 1323 1449 1377 inscriptio:

94 1424 120 1447 „
136 1394 519 1452 Quemadmodum
551 1401 817 1438 testamenta
848 1397 1159 1451 rumpuntur‚“
1191 1394 1277 1449 (vel
1298 1409 1447 1447 „ruma

86 1471 317 1521 pantur‚“
350 1482 400 1507 ex
416 1469 700 1509 emendatione
719 1468 977 1522 Hugonis,
1008 1469 1049 1507 in
1073 1480 1193 1518 quam
1213 1466 1357 1505 eadem
1377 1481 1447 1506 va-

92 1539 196 1590 lent,
236 1553 342 1592 quae
369 1540 494 1580 modo
523 1540 577 1580 ad
610 1540 914 1580 antecedentem
950 1539 1151 1579 rubricam
1184 1538 1445 1593 monuimus.)

91 1610 257 1651 Etenim
295 1625 375 1651 non
413 1612 466 1652 de
498 1614 642 1668 ruptis
670 1618 842 1661 tantum,
898 1625 1037 1651 verum
1063 1611 1184 1650 etiam
1218 1610 1271 1649 de
1301 1610 1446 1651 irritis

79 1680 228 1736 sactis
250 1684 494 1723 testamentis
513 1684 554 1722 in
573 1696 622 1723 eo
646 1683 759 1721 titulo
788 1683 1004 1734 quaeritur.
1067 1682 1165 1722 Jam
1190 1682 1372 1734 quamvis
1405 1688 1446 1723 et

91 1767 141 1793 ea
158 1760 419 1805 testamenta,
453 1768 556 1807 quae
575 1755 684 1794 irrita
703 1754 827 1807 fiunt,
858 1754 1012 1808 possint
1036 1759 1160 1808 rupta
1179 1753 1279 1807 diei,
1311 1760 1446 1796 tamen

90 1825 247 1880 „quia
271 1839 379 1866 saue
422 1827 691 1868 commodius
735 1832 838 1868 erat
853 1857 866 1878 ‚
908 1825 1115 1881 singulas·
1156 1839 1321 1868 causas
1352 1828 1443 1869 sin-

88 1897 212 1952 gulis
254 1898 621 1952 appellationibus
654 1899 926 1955 distingui,“
981 1900 1051 1952 (ut
1080 1898 1156 1938 Ga
1160 1899 1246 1954 jus
1279 1900 1353 1951 ait,
1394 1915 1443 1941 ac

84 1970 249 2024 repetiit
274 1970 305 2011 J
316 1970 663 2027 ustinianus‚)
703 1973 798 2013 ideo
829 1972 938 2012 irrita
979 1977 1217 2012 testamenta
1244 1973 1375 2015 solent
1399 1974 1443 2014 in

83 2040 178 2096 jure
197 2042 387 2083 Romano
409 2057 434 2083 a
454 2050 670 2098 ruptorum
692 2045 854 2085 notione
881 2049 922 2083 et
952 2044 1225 2098 appellatione
1250 2046 1438 2098 separari.

89 2113 353 2169 Quapropter
369 2115 668 2171 inscriptionem
693 2118 828 2168 istam,
861 2128 943 2169 quo
964 2116 1094 2169 magis
1117 2129 1209 2155 cum
1228 2116 1299 2167 iis,
1332 2130 1439 2170 quae

87 2185 165 2239 ipsi
193 2186 373 2240 subjecta
402 2194 493 2227 sunt
507 2219 518 2240 ,
565 2190 794 2230 conveniret
808 2219 820 2240 ,
863 2188 991 2227 latius-
1016 2188 1175 2242 concipi
1209 2189 1440 2242 oportebat,

88 2270 182 2298 eum
197 2259 284 2300 fere
303 2259 348 2300 in
362 2259 542 2311 modum,
575 2275 656 2316 quo
671 2262 793 2303 Instit.
815 2260 943 2301 Just.
966 2260 1035 2302 lib.
1054 2260 1105 2301 11.
1121 2261 1179 2304 tit.
1201 2258 1273 2302 17.
1295 2261 1440 2302 inscri-

86 2333 180 2381 ptus
211 2336 271 2371 est
293 2346 304 2372 z
363 2362 388 2383 „
405 2331 570 2388 Quibus
608 2334 754 2374 modis
794 2337 1059 2374 testamenta
1102 2333 1439 2390 infirmantur-,⁶⁶

87 2399 174 2440 Sed
200 2414 251 2441 ne
272 2403 328 2443 sic
358 2404 531 2458 quidem,
546 2419 612 2446 res
642 2406 752 2447 salva
778 2410 857 2457 est,
890 2405 1045 2460 quippe
1070 2419 1162 2446 cum
1186 2412 1358 2460 quatuor
1384 2406 1438 2445 ti—

85 2472 159 2511 tuli
189 2472 292 2512 illius
315 2477 563 2531 paragraphi
595 2478 836 2531 posteriores
869 2478 922 2518 ab
955 2478 1217 2532 inscriptionis
1245 2479 1439 2518 sententia

85 2555 253 2596 prorsus
275 2546 531 2589 abhorreant.
605 2550 712 2590 Nam
748 2562 852 2603 quae
886 2546 960 2607 §§.
983 2548 1135 2592 7-9,
1169 2550 1436 2602 continentur,

86 2615 139 2656 ad
157 2617 403 2674 pupillarem
422 2622 742 2674 substitutionem
766 2621 991 2678 pertinent,
1021 2622 1158 2676 itaque
1184 2622 1434 2664 commodius
