1784 3123
74 852 189 920 Jam
206 883 299 919 ante
316 882 545 925 sexennium
569 883 676 935 fere,
722 898 848 938 quum
864 885 918 926 de
950 885 1169 941 Ulpiani
1200 887 1427 945 Fragmen-

72 949 144 1001 tis,
185 964 290 1004 quae
324 954 554 1009 simpliciter
584 955 783 1010 appellari
823 958 973 1011 solent,
1021 959 1285 1003 Vratislaviae
1316 963 1428 1004 edidi

73 1021 389 1064 dissertationem
414 1026 603 1078 criticam,
634 1028 675 1067 in
692 1028 803 1069 fonte
820 1043 962 1070 eorum
979 1033 1230 1086 explorando
1250 1035 1426 1075 maxime

71 1100 313 1148 versantem,
352 1096 395 1136 id
418 1098 517 1137 mihi
538 1100 794 1153 propositum
824 1108 930 1155 erat,
970 1109 1015 1145 ut
1042 1093 1160 1159 plura
1185 1107 1285 1158 alia,
1318 1121 1424 1160 quae

14 1212 19 1214 ‚
71 1164 123 1205 de
147 1164 400 1221 Fragmentis
437 1169 512 1208 illis
543 1171 745 1211 monenda
770 1173 988 1224 haberem,
1030 1178 1229 1230 peculiari
1247 1192 1425 1232 expone-

68 1250 154 1277 rem
171 1238 321 1289 libello.
387 1240 521 1290 Quem
541 1246 627 1282 tum
659 1244 823 1296 quidem
856 1248 1072 1300 sperabam
1103 1262 1186 1288 non
1215 1250 1270 1289 ita
1296 1250 1424 1290 multo

67 1315 163 1363 post
186 1312 229 1350 in
255 1311 388 1351 lucem
418 1326 504 1353 esse
539 1314 803 1367 proditurum.
876 1317 963 1357 Sed
995 1332 1043 1358 ea
1068 1333 1160 1373 spes
1177 1334 1244 1360 me
1265 1321 1423 1373 fefellit,

67 1395 192 1435 quum
210 1383 287 1423 alia
303 1384 594 1425 intercesserint
609 1389 793 1442 negotia,
827 1403 932 1442 quae
951 1404 1018 1431 me
1043 1399 1290 1446 occupatum
1306 1399 1422 1434 tene-

65 1460 165 1495 rent.
228 1457 315 1496 Nec
338 1461 474 1496 tamen
490 1458 542 1497 ab
559 1458 649 1511 ipso
672 1462 886 1516 proposito
902 1464 1068 1514 recessi,
1100 1465 1154 1502 ad
1172 1465 1283 1516 quod
1302 1479 1420 1505 exse-

65 1527 270 1579 quendum
299 1534 490 1583 exoptata
506 1530 597 1585 jam
624 1532 789 1585 accidit,
829 1547 934 1586 quae
954 1534 1051 1574 mihi
1073 1538 1418 1578 commentationis

63 1599 299 1639 scribendae
316 1601 496 1642 officium
516 1603 706 1658 injungit,
747 1605 1036 1658 opportunitas.
1098 1606 1240 1661 Itaque
1269 1610 1313 1649 in
1330 1604 1420 1650 ani-

61 1683 129 1710 mo
147 1655 253 1712 nunc
270 1673 370 1713 mihi
391 1679 470 1725 est,
501 1674 724 1728 Ulpiani
754 1675 1024 1729 Fragmenta,
1068 1685 1177 1719 certe
1205 1694 1255 1720 ex
1287 1687 1417 1734 parte,

62 1741 199 1782 critico
226 1743 362 1783 studio
389 1746 642 1797 perlustrare.
706 1746 804 1786 Jam
833 1760 926 1787 cum
959 1748 1116 1802 duplex
1142 1752 1192 1790 sit
1219 1752 1322 1792 ratio
1342 1753 1418 1792 cri-

58 1813 161 1863 tica,
212 1826 293 1866 qua
320 1814 479 1870 singula
512 1816 661 1857 horum
685 1816 1027 1873 Fragmentorum
1040 1853 1051 1875 ,
1109 1836 1283 1875 quorum
1313 1839 1416 1866 unus

58 1890 211 1925 tantum
232 1893 434 1941 >superest
478 1888 608 1929 codex
651 1892 946 1947 manuscriptus
959 1922 971 1944 ,
1041 1907 1146 1934 nunc
1185 1896 1415 1953 VaticanuS,

60 1957 193 2012 capita
228 1961 390 2000 tractari
429 1961 604 2015 possint,
665 1963 809 2016 altera,
870 1972 975 2018 quae
1012 1966 1057 2007 in
1100 1969 1256 2010 mendis
1298 1971 1415 2011 codi-

59 2030 116 2070 cis
160 2031 410 2085 corrigendis
457 2034 658 2074 lacunisve
708 2035 938 2089 explendis,
1011 2039 1155 2092 altera,
1227 2056 1332 2094 quae
1372 2043 1414 2083 in

58 2101 142 2157 ejus
179 2097 417 2145 lectionibus
447 2120 472 2145 a
502 2108 715 2147 temeraria
747 2109 999 2161 quorundam
1035 2112 1244 2152 vexatione
1279 2112 1412 2152 vindi-

57 2174 193 2215 candis
219 2175 412 2228 cernitur,
469 2192 549 2233 ego
578 2180 768 2233 quidem,
817 2194 922 2233 quae
953 2182 1007 2221 ad
1034 2183 1226 2240 lectiones
1256 2184 1411 2225 codicis

56 2248 328 2302 compluribus
345 2250 387 2290 in
402 2249 502 2291 locis
525 2251 799 2297 defendendas
820 2259 1005 2307 spectant
1018 2286 1030 2307 ,
1061 2256 1104 2296 in
1120 2256 1231 2297 aliud
1247 2262 1410 2312 tempus

53 2333 280 2377 reservans,
332 2323 373 2363 in
401 2321 480 2362 hac
511 2326 845 2365 commentatione
870 2326 981 2368 illam
1007 2333 1185 2381 tantum,
1235 2343 1338 2383 quae
1368 2330 1411 2370 in

53 2394 314 2441 emendandis
344 2396 447 2437 vitiis
476 2396 624 2437 codicis
651 2397 884 2450 lacunisque
912 2402 1147 2457 supplendis
1180 2403 1311 2457 posita
1336 2408 1408 2454 est,

51 2465 247 2506 rationem
274 2482 442 2521 sequar,
485 2469 541 2508 ita
571 2469 779 2522 videlicet,
819 2476 864 2510 ut
887 2475 1175 2527 praetermissis
1202 2474 1269 2525 iis,
1302 2487 1409 2526 quae

51 2537 264 2584 doctorum
293 2540 504 2582 hominum
530 2555 678 2597 opera,
717 2543 759 2584 in
796 2544 941 2597 quibus
973 2546 1088 2589 Jac.
1123 2545 1408 2601 cujacium

50 2616 172 2666 atque
203 2612 245 2654 G
255 2626 282 2654 u
292 2619 346 2655 st.
377 2614 422 2656 H
433 2628 460 2655 u
473 2628 504 2670 g
512 2628 537 2655 o
545 2629 603 2656 ne
613 2629 655 2656 m
685 2629 785 2671 prae
815 2618 959 2659 ceteris
970 2660 973 2663 Δ
992 2618 1217 2661 laudandos
1246 2633 1407 2671 censeo,

1127 2690 1153 2730 l
