1784 3123
315 306 491 348 naturali
510 305 733 359 quidquam
749 305 864 357 illae,
895 304 1000 347 sicut
1022 304 1124 360 hae,
1147 304 1253 362 juris
1276 304 1400 346 civilis
1421 310 1463 346 et
1490 310 1673 372 gentium

317 378 575 435 explicationi
593 373 880 432 praemittunt}
912 384 1165 434 quapropter
1182 377 1301 418 facile
1316 372 1415 417 mihi
1430 381 1675 433 persuadeo,

316 453 360 492 in
389 449 624 491 sententiam
651 450 770 490 istam
810 448 1185 492 non>discessurum
1221 450 1345 490 fuisse
1386 440 1675 504 Hugonem‚
1731 445 1743 452 ‘

318 524 350 564 si
360 523 453 577 jam
472 527 582 572 tum,
615 534 710 562 cmn
737 535 829 562 eam
853 522 1093 576 proposuit,
1124 522 1325 578 genuinae
1355 518 1480 575 Gaji
1509 508 1675 562 Institui-

316 596 446 635 tiones
463 598 656 648 repertae
671 592 850 635 fuissent.
915 592 1002 633 Sed
1018 606 1096 633 nec
1122 594 1224 635 illud
1249 606 1415 635 necesse
1435 596 1498 632 est
1528 578 1676 632 creda·-

314 680 427 716 mus,
458 665 514 705 ad
542 664 645 720 Graj
655 665 668 704 i
700 664 932 718 exemplum
962 663 1242 719 Ulpianum
1273 665 1475 721 principio
1501 664 1592 705 libri
1615 664 1678 704 sui

315 743 485 794 praeter
501 738 636 792 leges,
671 750 776 790 quae
794 736 1197 791 proprieaedicuntun
1229 738 1326 778 alias
1346 750 1510 791 quoque
1538 723 1678 791 scripti

310 810 418 866 juris
448 811 599 850 formas
624 808 866 857 illustrasse3
910 808 1244 863 quandoquidem
1270 808 1494 849 admodum
1521 809 1677 864 proba-

317 883 401 922 bile
431 887 512 933 051,
543 880 647 934 legis
674 881 921 921 vocabulum
944 881 1055 921 initio
1076 870 1416 935 Fragmentorum
1447 886 1678 921 nostrorum

317 955 359 995 in
383 955 570 995 latiorem
589 952 936 1006 significationem,
954 953 1155 993 veteribus
1166 952 1467 1010 Jurisconsultis
1488 951 1602 991 haud
1615 952 1680 991 in-

319 1027 520 1077 usitatam,
538 1037 616 1080 pro
637 1024 749 1064 omni
776 1025 937 1079 scripto
954 1021 1050 1078 jure
1069 1025 1198 1079 accipi
1217 1030 1429 1079 oportere;
1463 1037 1545 1080 qua
1563 1022 1616 1063 de
1633 1036 1680 1063 re

320 1097 363 1138 in
383 1095 800 1138 Commentationibus
821 1096 874 1137 de
892 1096 1058 1137 historia
1072 1097 1176 1152 juris
1195 1097 1316 1138 Rom.
1334 1111 1377 1151 p.
1399 1094 1502 1136 363.
1517 1101 1558 1137 et
1573 1093 1678 1153 364.
1699 1101 1704 1106 ’

305 1174 404 1210 not.
431 1168 565 1209 1⁰10.
597 1167 815 1222 disputavi.
881 1161 973 1208 Hac
1001 1170 1124 1224 igitur
1148 1169 1304 1209 ratione
1339 1167 1596 1223 Ulpianus
1629 1179 1680 1208 eo

320 1242 439 1292 loco,
471 1240 524 1282 de
545 1254 627 1295 quo
654 1242 908 1294 quaerimus,
939 1255 1023 1282 non
1047 1242 1122 1282 nisi
1147 1242 1231 1283 duo
1254 1255 1410 1283 summa
1426 1241 1532 1297 juris
1558 1236 1691 1281 civilis
1716 1226 1720 1228 i

313 1323 502 1369 genera,
538 1313 734 1367 scriptum
760 1319 802 1354 et
824 1327 909 1354 non
939 1314 1136 1369 scriptum
1160 1306 1258 1369 jus,
1294 1326 1469 1367 qnorum
1492 1314 1614 1353 etiam
1640 1313 1681 1352 in
1700 1327 1710 1355 ,⁴

314 1367 371 1430 yla.
390 1383 433 1426 6.
456 1381 499 1441 §.
520 1382 561 1424 l.
584 1384 637 1425 D.
659 1384 878 1441 dejustitia
897 1392 937 1426 et
957 1386 1080 1441 jure,
1111 1400 1161 1427 ex
1188 1385 1412 1442 Ulpiani
1443 1385 1512 1425 lib.
1541 1384 1572 1425 1.
1608 1384 1681 1425 In·
1751 1418 1762 1425 .

314 1456 574 1499 stitutionum
591 1456 829 1511 depromta,
862 1463 983 1512 atque
1016 1455 1058 1514 ὃ.
1082 1458 1125 1499 3.
1146 1459 1179 1502 Ι.
1202 1459 1254 1499 de
1276 1459 1372 1514 jure
1398 1462 1480 1499 nat.
1507 1461 1620 1512 gent.
1641 1462 1681 1497 ct

322 1530 399 1570 civ.
417 1528 569 1573 mentio
591 1529 660 1579 fit,
691 1529 853 1570 videtur
877 1543 1240 1582 commemorasse,
1272 1531 1327 1571 ad
1349 1529 1449 1570 illud
1469 1530 1595 1585 legis,
1627 1520 1682 1568 ad

322 1602 405 1643 hoc
424 1614 587 1642 morum
604 1602 769 1642 nomine
790 1602 934 1642 relato.
956 1626 1020 1634 --
1050 1602 1204 1643 Verum
1223 1604 1427 1643 enimvero
1451 1616 1533 1642 non
1551 1601 1683 1642 solum
1701 1615 1704 1622 ·
1725 1594 1734 1622 ⁷

323 1687 374 1715 ex
401 1674 469 1724 iis,
509 1686 616 1726 111130
652 1672 707 1712 311
732 1674 889 1727 species
914 1673 1019 1729 juris
1040 1675 1328 1728 pertinuerint,
1372 1674 1446 1715 sed
1474 1674 1597 1714 etiam
1617 1673 1682 1713 in-

324 1750 447 1786 eunte
470 1744 574 1785 Jure
590 1757 856 1798 personarum
873 1746 914 1785 in
930 1745 1189 1802 Fragmentis
1213 1747 1358 1787 nostris
1384 1745 1537 1801 aliquid
1557 1746 1683 1788 inter-

324 1817 493 1868 cidisse,
527 1821 569 1857 et
598 1815 932 1858 Meermanus
964 1825 1047 1864 not.
1073 1816 1116 1861 5.
1141 1819 1194 1860 ad
1221 1821 1279 1861 tit.
1297 1820 1331 1864 I.
1363 1818 1610 1875 Ulpiani,
1642 1823 1684 1858 et

322 1889 482 1945 Hugo
513 1890 556 1929 in
574 1888 681 1929 libro
704 1888 885 1943 allegato
909 1904 952 1944 p.
977 1889 1082 1935 365.
1102 1892 1367 1946 suspicantur.
1414 1892 1547 1934 -Alter
1563 1890 1692 1944 enim,

322 1975 463 2003 rursus
488 1960 543 2002 ad
569 1960 811 2013 Fragmenti
840 1961 1151 2008 Dositheani
1181 1965 1414 2018 exemplum
1440 1976 1684 2017 provocans,

323 2031 612 2088 Ulpianum
642 2031 684 2071 in
711 2031 913 2088 principio
940 2033 1041 2075 tituli
1060 2034 1091 2076 1.
1118 2034 1224 2075 hanc
1257 2035 1576 2076 enunciationem
1602 2047 1685 2090 po-

324 2106 470 2147 suisse:
501 2103 696 2156 „Omnes
717 2104 903 2146 homines
926 2112 996 2147 aut
1023 2103 1191 2163 ingenui
1218 2114 1331 2160 sunt,
1361 2114 1430 2150 aut
1452 2108 1626 2151 libertini
1635 2108 1683 2157 “‚

326 2178 428 2218 alter
450 2182 586 2219 autem
612 2176 729 2217 titulo
759 2177 791 2218 1.
822 2192 916 2220 eum
945 2180 1133 2221 articulos
1166 2181 1254 2223 talis
1286 2184 1532 2239 argumenti,
1564 2179 1684 2234 quale

326 2249 450 2289 titulis
466 2250 539 2292 111.
566 2255 607 2290 et
622 2249 694 2290 lv.
726 2250 817 2291 libri
841 2251 872 2291 Ι.
927 2252 1224 2295 Institutionum
1249 2256 1377 2298 Just.
1404 2257 1528 2306 inest,
1558 2266 1683 2308 prae-

325 2319 485 2360 misisse
510 2320 716 2362 existimat.
781 2323 900 2373 Quae
921 2324 1087 2379 quidem
1114 2327 1372 2383 conjecturae
1395 2340 1478 2368 non
1506 2325 1685 2366 firmiore

327 2391 399 2431 niti
421 2390 631 2443 videntur,
663 2407 787 2446 quam
814 2395 928 2446 illae,
960 2411 1061 2449 quas
1090 2399 1216 2440 modo
1241 2398 1502 2455 impugnavi,
1533 2396 1684 2438 funda-

329 2467 479 2504 mento.
555 2460 734 2505 Omnino
766 2479 861 2508 vero
884 2468 996 2510 haud
1023 2485 1158 2526 pauca
1191 2472 1473 2527 Ulpianum
1502 2470 1544 2511 in
1577 2468 1683 2511 111310

327 2534 519 2588 singulari
538 2535 796 2592 Regularum
814 2543 1086 2592 praeteriisse,
1116 2556 1225 2596 quae
1242 2543 1310 2582 vel
1337 2542 1449 2598 apud
1477 2541 1682 2598 Gajum,

328 2603 395 2645 vel
413 2604 455 2645 in
482 2605 766 2651 Iustiniani
796 2610 1113 2656 Institutionibus
1141 2612 1385 2670 invenimus,
1416 2629 1537 2657 nemo
1558 2612 1687 2653 mira-³
