1784 3123
317 204 380 247 5⁰

319 309 377 352 xit
397 308 430 350 S
440 322 462 348 c
473 308 502 348 h
515 322 542 349 u
554 306 651 347 ltin
662 306 713 360 gi
722 319 749 346 u
760 319 778 346 s
798 336 811 358 ,
852 305 1000 347 liberos
1032 305 1275 348 habentib'us
1304 304 1462 346 caduca
1489 307 1551 348 *d
1565 322 1588 348 c
1597 321 1650 349 re
1661 331 1681 337 -

322 395 340 422 s
353 381 512 433 cere.)
583 378 682 418 Jam
708 392 758 418 ex
784 377 948 418 ‹luobus‘
973 380 1057 420 istis
1073 379 1235 433 juribus
1262 379 1431 419 alterum
1457 379 1622 429 quidem
1643 380 1683 419 in

323 452 464 491 codice
503 454 642 489 nostro
676 454 1038 490 commemoratum
1079 451 1301 491 invenimus
1322 480 1334 502 ‚
1382 448 1554 490 alterum
1566 472 1574 478 ·
1586 464 1684 491 vero

321 537 424 570 non3
457 527 500 561 at
513 522 636 576 hujus
659 536 823 575 quoque
844 521 1125 574 Ulpianum
1150 523 1396 563 mentionem
1415 520 1575 572 fecisse,
1592 534 1684 562 cum

320 608 398 648 per
425 607 472 634 se
502 595 720 648 probabile
745 595 817 644 sit,
857 606 910 632 ne
938 593 1037 645 quid
1061 595 1390 647 praetermissum
1422 597 1461 633 et
1480 592 1685 646 legatariis

321 666 506 720 patribus
535 666 627 720 plus
644 665 748 720 juris
768 665 819 705 ab
849 664 1108 719 Ulpiano,
1141 679 1265 717 quam
1293 665 1438 706 heredi
1456 664 1687 720 patri‚·tri÷

322 739 469 779 butum
487 738 690 789 videatur,
724 744 810 779 tum
833 751 932 777 vero
964 751 1014 777 ex
1043 737 1240 792 particula
1270 767 1295 787 „
1305 738 1373 778 vel
1383 740 1408 761 ‘⁶
1433 738 1526 777 satis
1553 737 1684 777 mani:

324 811 430 851 festo
451 816 646 864 apparet,
679 811 837 864 quippe
857 823 962 863 quae
984 810 1161 863 alioquin
1179 808 1279 848 nihil
1297 808 1487 860 haberet,
1520 822 1602 862 quo
1622 821 1683 848 re-

291 892 297 928 Γ
324 884 508 924 ferretur.
550 883 691 935 Itaque
714 883 922 923 verissima
943 888 1016 933 est,
1035 883 1089 922 ad
1107 881 1341 922 sententiam
1359 886 1481 931 certe,
1500 881 1530 921 S
1542 895 1564 920 c
1576 880 1686 921 hul-

219 964 252 996 κ’,
285 1011 287 1013 ¹
325 956 487 1009 tingii
508 955 768 1008 conjectura,
792 955 855 993 cui
876 954 995 993 etiam
1022 952 1335 993 Rudorffius
1359 946 1401 992 in
1422 951 1688 998 Commenta-

325 1027 392 1066 riis
409 1026 587 1081 jurispr.'
599 1026 740 1066 histor.
761 1026 1087 1066 Berolinensibus
1106 1025 1227 1065 Tom.
1249 1025 1317 1064 vl.
1346 1040 1389 1078 p.
1413 1023 1520 1066 414.
1547 1038 1687 1064 assen-

275 1098 283 1112 '
325 1098 431 1138 titur.
496 1099 561 1138 De
579 1111 629 1136 eo
651 1102 805 1136 tantum
824 1096 999 1136 dubitari
1025 1101 1182 1150 potest,
1221 1097 1331 1150 quali
1359 1095 1564 1137 locutione
1590 1096 1688 1137 Ul-

324 1170 513 1223 pianus
532 1169 611 1208 hac
633 1169 673 1208 in
693 1184 738 1208 re
759 1183 852 1208 usus
875 1170 935 1215 sit,
947 1175 1081 1207 utrum
1093 1169 1309 1219 „liberos“
1332 1169 1487 1219 dixerit,
1508 1183 1562 1208 an
1581 1167 1688 1222 „jus

328 1242 502 1280 caduca
530 1239 792 1280 vindicandi
800 1242 847 1291 ,“
880 1253 930 1279 an
955 1237 1060 1293 „jus
1075 1243 1318 1295 patrum,“
1363 1241 1464 1281 sicut
1491 1240 1532 1280 in
1553 1240 1686 1294 Frag-

326 1318 467 1351 mento
488 1312 540 1350 de
570 1312 672 1351 Jure
694 1312 781 1350 fisci
803 1309 844 1366 ξ.
863 1311 903 1353 3.
925 1312 1077 1350 dictum
1099 1318 1179 1359 θείς
1221 1325 1451 1364 quanquam
1474 1313 1564 1365 ipse
1589 1325 1688 1350 con-

329 1382 460 1432 cedo,
492 1382 727 1421 facillimam
758 1396 865 1433 esse,
907 1382 958 1422 ‹le
988 1395 1068 1435 qua
1093 1374 1457 1438 Schultingius
1484 1366 1689 1438 cogitavit,

327 1454 498 1494 lacunae
516 1454 626 1493 istius
647 1455 874 1508 explendae
894 1456 1100 1495 rationem.
1123 1478 1186 1486 -—-
1247 1456 1345 1495 Jam
1360 1456 1472 1509 quod
1492 1455 1545 1495 ad
1570 1469 1689 1494 voca-

330 1526 473 1565 bulum
504 1522 668 1579 „ejus“
702 1539 827 1580 supra
849 1533 1031 1567 notatum
1052 1527 1213 1578 attinet,
1246 1541 1270 1566 a
1289 1528 1502 1599 plerisque·
1523 1526 1688 1567 editori·
1718 1543 1734 1549 f

330 1598 406 1638 bus
423 1598 546 1651 plane
543 1604 692 1664 μεικῐηιιθ
712 1599 873 1638 omnino
852 1601 1225 1652 praetermissum
1248 1604 1318 1639 est.
1382 1599 1534 1654 Hugo
1556 1604 1690 1642 autem

332 1670 419 1725 ejus
441 1655 648 1710 rationem
662 1661 784 1712 duxit.
846 1671 1035 1711 Etenim
1024 1686 1065 1711 m
1094 1671 1288 1712 Addend.
1328 1677 1368 1711 et
1392 1671 1690 1725 Corrig..1uris

334 1744 410 1781 civ.
429 1742 627 1795 Antejust.
642 1756 684 1795 p.
703 1741 833 1782 1603.
848 1756 925 1795 pro
947 1757 996 1782 eo
1008 1743 1228 1797 legendum
1252 1743 1469 1783 existimat.
1499 1740 1655 1797 „jure5
1646 1744 1690 1767 ·“

331 1827 466 1867 neque
498 1827 597 1854 vero
626 1814 734 1853 hanc
775 1813 1049 1869 conjecturam
1075 1816 1288 1856 novissima
1312 1814 1488 1857 editione
1521 1815 1690 1869 recepit,

332 1887 406 1927 sed
432 1901 584 1938 aeque,
624 1893 669 1926 ut
699 1888 740 1926 in
771 1887 1057 1937 antecedente,
1096 1888 1313 1926 lectionem
1339 1887 1490 1926 codicis
1518 1886 1690 1930 retinuit,

333 1957 446 1998 uncis
467 1963 605 1998 tamen
624 1959 826 1999 inclusam.
891 1959 1090 1998 Nimirum
1108 1963 1341 2011 corruptam
1362 1971 1451 1997 esse
1468 1971 1558 1997 eam
1574 1958 1688 1997 lecti-

333 2042 475 2080 onem,
516 2043 636 2069 nemo
667 2031 763 2082 erit,
804 2031 900 2084 quin
923 2030 1145 2084 intelligat3
1185 2029 1308 2070 nihilo
1333 2034 1469 2070 tamen
1491 2029 1621 2085 magis
1651 2029 1695 2069 in

332 2102 573 2157 Hugonis
596 2103 825 2144 coniectura
844 2104 911 2145 illa
932 2102 1273 2156 acquiescendum
1286 2108 1401 2157 puto.
1463 2103 1569 2143 Nam
1584 2101 1689 2141 istud

336 2172 495 2227 „jure“
527 2188 607 2214 non
624 2176 756 2216 solum
781 2189 1124 2231 supervacaneum
1143 2181 1205 2216 est
1222 2175 1274 2216 ad
1288 2176 1459 2217 verbum
1476 2173 1691 2228 „valere,“

339 2245 482 2298 (idque
511 2247 673 2288 dicendi
705 2263 833 2303 genus
850 2280 861 2300 ,
907 2249 1018 2302 quod
1043 2249 1292 2303 pleonasmi
1319 2249 1481 2289 nomine
1511 2247 1689 2287 denotari

337 2317 464 2368 solet,
498 2319 569 2357 etsi
587 2334 668 2360 non
684 2322 901 2362 abhorreat
922 2336 946 2361 a
972 2327 1153 2361 veterum
1182 2320 1567 2362 Jurisconsultorum
1594 2320 1690 2360 reli—

338 2389 461 2444 quiis,
494 2394 629 2429 tamen
647 2393 815 2432 multum
836 2394 1093 2434 dubitationis
1113 2394 1261 2447 habet,
1293 2393 1364 2432 ubi
1386 2405 1462 2446 per
1483 2391 1691 2447 conjectu-

337 2475 425 2501 ram
446 2461 493 2501 iis
514 2460 729 2512 inferatur,
761 2478 837 2503 nec
862 2466 978 2505 certis
1008 2466 1203 2519 exemplis
1230 2464 1488 2518 comprobari
1515 2463 1689 2520 possit,)

340 2544 480 2573 verum
504 2533 626 2574 etiam
657 2547 804 2589 parum
835 2537 1019 2577 convenit
1054 2550 1146 2576 cum
1180 2536 1529 2580 antecedentibus:
1572 2548 1691 2587 „mm

340 2604 493 2646 valere
517 2610 754 2663 constat,“
785 2621 867 2661 qua
895 2608 1060 2662 quidem
1085 2608 1287 2650 locutione
1317 2609 1360 2651 id
1389 2606 1604 2666 significari
1627 2607 1690 2649 vi-
