1784 3123
297 326 353 368 ad
381 322 740 369 manumissionum
762 319 916 362 formas
941 320 1136 377 deinceps
1154 320 1417 362 enumeratas
1433 321 1653 375 'spect-„33
1678 308 1680 314 '
1751 294 1758 298 ι

300 400 367 442 cui
382 398 547 454 quidem
564 394 769 437 desiderio
787 391 933 435 additis
957 394 1092 436 verbis
1120 392 1207 445 „id
1233 393 1349 445 esW,
1380 388 1550 434 similive
1575 395 1654 437 ιὰ..

300 473 520 513 ditamento
536 467 723 509 satisfieri
739 463 967 523 oportebat.
989 487 1054 497 -—
1078 466 1227 520 ltaque
1250 466 1330 506 alia
1355 464 1472 506 nobis
1497 464 1565 505 via
1588 464 1655 506 in-

300 542 433 584 eunda
458 541 547 581 erit.
610 539 710 581 Jam
730 538 849 580 facile
871 535 1002 593 possit
1028 536 1250 593 quispiam,
1280 536 1351 592 qui
1373 535 1551 593 pressius
1580 547 1656 577 co-
1698 534 1702 540 “
1778 539 1784 555 ‘

300 614 399 656 dicis
427 613 671 670 scripturam
697 610 812 665 sequi
839 609 1028 650 animum·
1037 608 1262 663 induxerit,
1292 611 1333 652 iu
1358 623 1449 652 eam
1476 607 1657 650 incidere

300 687 561 743 opinionem,
599 690 646 725 ut
669 681 892 739 legendum
920 681 1157 722 arbitretur:
1206 680 1328 724 Cives
1364 681 1539 723 Romani
1567 684 1659 722 sunt

300 759 459 809 liberti,
490 757 560 813 qui
584 756 764 811 legitime
793 767 917 796 censu
940 759 1011 795 aut
1032 758 1298 809 testamento,
1328 754 1440 796 nullo
1457 754 1554 810 jure
1578 754 1660 795 im-

303 831 523 887 pediente,
553 833 635 869 aut
663 827 840 868 vindicta
864 826 1195 867 manumittuntur
1219 825 1334 880 apud
1364 827 1658 881 magistratum,

303 909 400 954 etc.‚
432 902 488 942 ita
523 905 569 941 ut
591 900 923 957 supplementum
957 899 1127 940 lacunae
1162 911 1244 939 non
1269 897 1345 939 nisi
1373 897 1416 939 in
1442 896 1662 940 inserenda

302 973 451 1015 vocula
490 975 640 1026 „aum
679 978 878 1013 cernatur.
948 971 1068 1012 Hanc
1095 974 1204 1010 vero·
1224 970 1444 1022 rationem,
1476 968 1661 1023 quamvis

300 1046 487 1103 proxime
521 1044 576 1085 ad
602 1043 753 1103 codicis
789 1043 1030 1098 scripturam
1066 1041 1265 1089 accedere
1296 1041 1439 1098 neg-ari
1472 1044 1663 1095 nequeat,

301 1119 439 1173 plures
472 1122 613 1156 tamen
639 1128 785 1155 causae
816 1115 1066 1170 impediunt,
1112 1128 1195 1168 quo
1229 1115 1360 1155 minus
1390 1113 1661 1155 admittamusz

303 1190 486 1232 Primum
507 1189 605 1243 quia
627 1186 706 1228 hac
724 1187 945 1228 verborum
963 1192 1163 1227 structura
1186 1186 1449 1239 efficeretur,⁴
1464 1191 1514 1227 rut
1540 1184 1663 1226 dictio

303 1263 375 1303 illa
406 1261 560 1314 „nullo
585 1258 690 1314 jure
721 1258 980 1313 impediente
992 1260 1019 1283 “
1049 1257 1331 1298 tantummodo
1370 1258 1425 1298 ad
1458 1258 1663 1298 libertates

305 1336 559 1375 testamento
574 1330 688 1371 datas
705 1330 949 1384 pertineret3
981 1329 1093 1384 atqui
1117 1330 1235 1370 latius
1252 1335 1368 1385 patet
1388 1330 1477 1387 ejus
1505 1330 1591 1383 vis,
1619 1328 1665 1370 id

305 1405 419 1459 quod
438 1418 490 1445 ex
505 1403 603 1457 ipsis
623 1401 880 1456 Fragmentis
895 1402 1060 1452 nostris,
1090 1402 1202 1442 velut
1225 1402 1283 1442 tit.
1298 1402 1330 1442 Ι.
1358 1399 1435 1459 55.
1458 1402 1529 1442 12.
1546 1432 1557 1450 ,
1589 1400 1663 1442 13.

308 1484 350 1519 et
367 1474 439 1519 15.
458 1473 641 1529 emergit.
705 1473 820 1513 Tum
835 1473 932 1527 quia
948 1487 1095 1529 parum
1120 1474 1333 1515 verisimile
1363 1481 1446 1527 est,
1476 1474 1665 1530 Ulpia-

305 1562 424 1590 num
453 1548 496 1588 in
531 1543 814 1587 enumerandis
841 1545 1116 1601 legitimarum
1143 1546 1497 1587 manumissionum
1524 1539 1666 1587 ftfrmis

308 1619 540 1662 discessisse
566 1618 619 1659 ab
649 1616 792 1659 ordine
824 1617 940 1674 apud
974 1623 1134 1659 veteres
1160 1617 1477 1659 Jurisconsultos
1506 1618 1666 1671 usitato,

310 1698 456 1748 utpote
482 1691 613 1745 quiin
636 1703 686 1730 eo
713 1690 914 1743 consistit,
943 1695 990 1731 ut
1017 1689 1237 1731 vindictae
1265 1691 1378 1745 prius
1404 1691 1557 1732 mentio
1577 1691 1668 1733 fieri
1703 1696 1705 1698 ’

310 1764 461 1816 soleat,
504 1775 629 1817 quam
665 1775 809 1803 census
841 1763 908 1804 vel
938 1763 1189 1815 testamenti,
1240 1763 1354 1804 sicut·
1375 1777 1427 1805 ex
1467 1763 1602 1819 Gajo
1632 1764 1665 1805 1.

311 1833 505 1893 55.17.,
536 1834 610 1876 44.
641 1838 683 1874 et
714 1832 838 1886 138„
870 1848 921 1875 ex
945 1834 1196 1890 Fragmento
1226 1836 1558 1877 Dositheano
1590 1832 1668 1893 55.

309 1907 375 1962 6.,
410 1904 484 1948 15.
513 1912 555 1947 et
579 1905 652 1947 16.
681 1906 777 1960 (vel
797 1902 872 1963 §§.
894 1902 960 1958 5.,
994 1905 1068 1947 13.
1106 1911 1148 1947 et
1174 1905 1248 1949 14.
1275 1908 1498 1948 secundum
1532 1922 1668 1951 meam

310 1979 582 2031 editionem,)
622 1990 673 2018 ex
703 1978 849 2017 Theo
856 1976 1009 2032 philo
1045 1976 1077 2017 1.
1117 1974 1160 2017 5.
1188 1973 1230 2034 §.
1255 1976 1298 2018 4.
1326 1982 1448 2032 atque
1471 1978 1669 2035 Digesto-

308 2065 400 2093 rum
414 2050 483 2092 lib.
502 2049 592 2094 XL.
616 2050 674 2092 tit.
694 2049 735 2094 2.
761 2055 802 2091 et
818 2048 861 2092 4.
889 2050 1147 2106 intelligitur;
1180 2064 1412 2105 quanquam
1438 2052 1552 2108 apud
1584 2052 1668 2094 Ci-

310 2137 548 2165 ceronem
578 2123 622 2164 in
640 2123 809 2179 Topicis
838 2137 873 2164 c.
896 2123 938 2166 2.
957 2123 1141 2164 nondum
1169 2122 1290 2163 istum
1313 2124 1496 2166 ordinem
1520 2125 1667 2179 depre-

309 2196 538 2238 hendimus.
601 2197 665 2239 Ac
693 2212 837 2239 revera
860 2197 902 2238 in
927 2197 996 2238 illo
1022 2196 1241 2251 Ulpiani
1270 2197 1363 2239 loco
1387 2196 1667 2239 manumissio-

311 2281 421 2319 nem,
454 2281 558 2320 quae
576 2269 753 2309 vindicta
777 2270 835 2321 fit,
869 2274 970 2310 ante
991 2274 1145 2310 ceteras
1167 2271 1487 2312 manumissionis
1514 2269 1666 2311 formas

312 2347 675 2382 commemoratam
696 2356 796 2394 esse,
827 2342 893 2383 vel
919 2356 970 2384 ex
993 2356 1044 2384 eo
1062 2342 1157 2384 licet
1177 2343 1383 2399 colligere,
1415 2341 1541 2396 quod,
1559 2357 1667 2397 quae

311 2414 365 2454 ad
383 2415 496 2454 illam
516 2419 725 2469 spectant,
756 2415 880 2468 paulo
903 2421 1001 2471 post
1019 2415 1116 2457 inde
1137 2430 1163 2456 a
1181 2412 1223 2472 5.
1245 2415 1318 2456 12.
1346 2416 1667 2456 testamentariae

312 2485 505 2528 libertatis
531 2486 790 2542 explicationi
808 2489 1126 2542 praemittuntur.
1187 2488 1375 2542 Denique
1401 2487 1513 2542 quod
1542 2492 1666 2543 eaput

313 2563 395 2612 est,
424 2558 513 2613 ipsa
528 2566 674 2602 natura
693 2560 752 2601 rei
774 2565 896 2614 atque
921 2561 1084 2603 dicendi
1100 2560 1202 2602 ratio
1222 2560 1437 2615 suspicioni
1460 2561 1516 2602 illi
1533 2559 1665 2601 refra-

311 2637 473 2689 gantur.
534 2634 597 2675 Ita
623 2633 730 2675 enim
756 2633 836 2675 dici
865 2634 1025 2687 nequit:
1056 2632 1174 2676 cives
1202 2633 1378 2677 Romani
1399 2638 1496 2676 sunt
1520 2628 1663 2682 liberti,
