1784 3123
1455 236 1515 278 21

172 346 217 381 ut
240 340 511 410 undetriginta
534 343 689 381 tantum
715 336 852 377 titulos
872 337 1001 379 codex
1024 336 1148 378 hodie
1174 343 1378 393 superstes
1401 354 1515 382 com-

170 412 435 468 plecteretur,
466 411 591 463 idque
610 413 696 448 tum
715 422 766 449 cx
782 408 915 450 indice
940 410 1168 461 titulorum,
1199 418 1288 451 tum
1315 424 1367 450 ex
1390 413 1516 452 verbo

175 485 443 542 „e.2plicit“,
476 495 558 535 quo
586 481 717 525 codex
747 481 923 537 finiatur,
954 482 1143 537 intelligi3
1176 488 1236 531 et,
1269 475 1381 537 quod
1411 498 1536 528 sem-,

168 571 245 612 per
266 556 529 598 existimatum
550 553 619 605 sit,
651 552 766 593 latius
785 555 880 594 olim
896 556 1098 610 integrum
1122 555 1340 608 Ulpiani
1367 557 1517 596 librum

169 629 365 681 patuisse,
408 625 451 664 id
479 625 569 677 ipsa
596 622 742 665 codicis
774 628 897 667 nostri
923 627 1203 680 inscriptione:
1255 655 1282 678 ,‚
1298 627 1441 680 Tituli*
1460 642 1516 668 ex
1542 667 1546 671 ,

169 706 348 748 corpore
370 692 548 744 Ulpiani
554 696 601 740 ⁴⁶,
631 694 863 746 plenissime
881 695 1123 733 confirmari.
1184 694 1344 732 Deinde
1368 697 1513 734 multas

167 771 327 813 lacunas
343 766 384 811 in
398 766 532 812 medio
550 767 690 813 codice
708 771 944 828 conspicuas
972 787 1063 814 eam
1087 768 1185 813 dicit
1208 784 1311 826 prae
1336 786 1380 814 se
1405 770 1513 815 ferre

91 883 95 887 Ι
167 840 369 888 speciem,
400 845 444 875 ut
465 842 646 876 consulto
669 843 820 890 aliquid
837 844 1163 892 praetermissum
1182 854 1269 878 esse
1296 843 1513 879 manifesto
1552 836 1555 881 ⁵,

134 915 143 923 ‘
165 912 385 965 appareat3
413 913 532 966 atque
548 923 626 967 pro
644 909 917 955 additamento
933 910 1092 966 librarii,
1122 911 1155 954 si
1175 925 1257 954 non
1278 910 1370 965 alia,
1403 916 1514 955 certe

166 995 215 1019 ea
239 982 381 1020 haberi
406 989 616 1034 oportere,
648 997 752 1034 quae
781 986 890 1023 initio
917 986 1257 1037 Fragmentorum
1282 991 1512 1024 nostrorum

164 1050 221 1090 de
235 1050 405 1104 legibus
424 1065 478 1091 ac
501 1052 687 1092 moribus
703 1053 847 1092 tradita
868 1055 1126 1094 inveniantur.
1158 1078 1218 1084 —-
1258 1054 1306 1093 In
1329 1054 1410 1093 hac
1434 1068 1510 1093 au-

164 1125 246 1171 tem
269 1121 614 1182 argumentatione
643 1144 739 1172 vera
767 1128 877 1182 sunt,
919 1123 950 1173 si
975 1123 1074 1183 quid
1100 1122 1240 1182 video,
1280 1143 1374 1173 cum
1401 1123 1511 1174 falsis

162 1195 373 1243 permixta.
452 1195 558 1229 Illud
585 1196 771 1231 videlicet
797 1198 838 1232 in
871 1197 1038 1232 dubium
1064 1198 1200 1232 vocari
1227 1199 1387 1244 nequit,
1430 1208 1512 1233 non

162 1255 367 1323 integrum
390 1262 513 1308 hodie
540 1271 695 1309 exstare
720 1265 944 1325 Ulpiani
983 1267 1150 1322 librum,
1190 1265 1244 1308 dc
1271 1281 1354 1323 quo
1383 1281 1526 1325 quae-v

103 1373 105 1375 .
161 1339 284 1375 rimus
296 1367 308 1387 ,
325 1338 449 1387 idque
467 1339 615 1376 codicis
637 1341 763 1377 nostri
782 1341 1023 1389 scriptorem
1039 1341 1129 1389 ipsa
1141 1341 1404 1391 inscriptione
1425 1342 1511 1392 sig·-
1565 1371 1568 1373 .
1601 1365 1607 1373 1

162 1405 325 1446 nificare
351 1405 546 1460 voluisse,
579 1407 802 1448 admodum
826 1406 1043 1461 probabile
1070 1410 1154 1456 est;
1188 1420 1269 1460 qua
1286 1410 1334 1448 de
1353 1421 1399 1448 re
1414 1421 1509 1448 sen-

160 1478 324 1518 tentiam
334 1492 467 1518 meam
478 1480 525 1518 ‘in
542 1480 748 1532 superiore
769 1480 1045 1519 dissertatione
1063 1478 1114 1518 de
1137 1478 1353 1531 Ulpiani
1369 1479 1507 1533 Frag—

159 1548 302 1586 mentis
335 1561 376 1599 p.
408 1547 551 1586 solet
575 1547 648 1587 9⁰.
680 1550 858 1602 exposui.
922 1550 1009 1587 Nec
1035 1547 1165 1599 magis
1188 1549 1329 1599 negari
1356 1554 1506 1600 potest,

160 1622 201 1658 et
218 1617 382 1657 lacunas
402 1617 443 1657 in
470 1617 611 1658 codice
630 1625 768 1660 nostro
793 1616 1044 1673 deprehendi
1069 1616 1234 1667 multas,
1268 1622 1308 1658 et
1326 1617 1404 1658 alia
1428 1617 1506 1659 de—

159 1691 403 1742 pravationis
432 1692 611 1742 vestigia.
656 1725 658 1727 .
692 1693 769 1729 Est
793 1703 891 1728 vero
921 1690 1027 1728 haec
1053 1690 1276 1728 communis
1307 1704 1392 1729 sors
1418 1691 1506 1730 fere

158 1759 336 1797 omnium
357 1759 594 1808 antiquitatis
614 1764 989 1807 monumentorum,
1018 1771 1192 1809 quorum
1211 1747 1365 1797 nullum
1385 1760 1507 1798 facile

157 1828 210 1867 ab
238 1827 421 1867 omnibus
451 1827 607 1868 mendis
642 1828 889 1882 maculisque
916 1841 1090 1868 vacuum
1122 1828 1175 1867 ad
1208 1843 1282 1869 nos
1310 1830 1507 1884 pervenit.

158 1899 316 1950 Quodsi
341 1900 393 1940 ab
420 1900 539 1955 hujus
563 1902 722 1956 generis
749 1902 872 1953 vitiis,
928 1901 1076 1959 partim
1102 1907 1333 1956 temporum
1358 1902 1506 1956 iniqui-

157 1973 250 2021 tati,
285 1973 434 2023 partim
461 1973 714 2011 librariorum
742 1974 886 2025 culpae
913 1974 1156 2024 tribuendis,
1195 1975 1374 2025 itemque
1400 1988 1426 2012 a
1451 1975 1504 2012 ti-

156 2041 332 2079 tulorum
348 2041 638 2093 descriptione,
671 2056 794 2093 quam
810 2042 1084 2081 demonstrare
1104 2048 1268 2080 conatus
1300 2056 1389 2081 sum
1422 2056 1504 2081 non

155 2111 234 2166 ipsi
257 2110 508 2164 Ulpiano,
541 2111 615 2151 sed
636 2112 804 2151 librariis
832 2111 987 2165 serioris
1007 2111 1096 2150 aevi
1123 2116 1334 2164 acceptam
1356 2111 1499 2151 referri

156 2187 368 2238 oportere,
417 2182 739 2235 discesserimus,
787 2196 1040 2235 nequaquam
1077 2182 1259 2222 concedo
1296 2182 1500 2237 equidem,

156 2255 371 2317 genuinam
398 2253 737 2308 Fragmentorum
766 2260 993 2294 nostrorum
1018 2253 1191 2292 formam
1220 2253 1289 2293 de
1290 2254 1501 2294 findustria

155 2327 220 2365 vel
211 2324 589 2389 praetermittendo
615 2327 681 2366 vel
702 2326 889 2366 addendo
907 2339 932 2364 a
956 2325 1119 2364 librario
1150 2321 1344 2379 quopiam
1372 2327 1497 2365 iuter-

156 2381 336 2457 polatam
362 2411 460 2438 esse.
544 2396 686 2446 Quid?
727 2397 839 2450 quod
873 2411 924 2437 ue
950 2396 1050 2436 illud
1077 2396 1242 2450 quidem
1278 2394 1401 2436 credo
1454 2395 1496 2434 in

158 2468 319 2509 consilio
342 2469 449 2524 ejus,
482 2470 551 2524 qui
566 2469 805 2510 Vaticanum
820 2469 1158 2526 Fragmentorum
1185 2473 1412 2509 nostrorum
1428 2480 1497 2508 co·

157 2543 289 2584 dicem
307 2543 501 2596 confecit,
525 2545 700 2601 positum
717 2542 857 2596 fuisse,
888 2549 954 2596 ut,
987 2543 1166 2598 quamvis
1183 2543 1321 2598 plures
1346 2547 1496 2593 nosset,

157 2619 291 2659 tamen
315 2630 397 2657 non
423 2618 496 2658 nisi
529 2618 799 2673 undetriginta
828 2617 964 2659 titulos
1000 2616 1324 2666 transscriberet3
1364 2618 1494 2674 *immo
