1755 3123
81 351 325 397 mentionem
352 350 474 401 facit,
507 345 718 389 vocabulo
757 345 857 387 olim
880 346 1017 401 potius
1046 346 1111 387 uti
1135 345 1287 403 soleat,
1325 346 1434 387 velut

79 421 252 481 fit.1.§.
274 422 317 465 8.
379 419 515 475 Atque
540 418 623 459 hoc
650 418 785 472 ipsum
814 419 1057 460 vocabulum
1081 418 1219 458 etiam
1226 417 1299 458 illo
1324 417 1432 485 loco,

42 514 46 521 ·
79 494 134 536 de
150 495 234 550 quo
253 494 504 560 quaerimus,
518 482 764 541 intercidisse
787 481 980 545 suspicor.
1043 490 1187 544 ltaque
1206 476 1433 553 leg-endum

77 571 202 634 puto:
223 564 382 627 Pupilli
403 556 551 603 au'tem
576 562 676 603 olim
707 562 870 621 quidem
899 575 981 602 non
1015 566 1206 616 poterant
1234 563 1430 617 arrogari,

62 650 184 687 ‘nunc
205 642 339 677 autem
355 637 528 688 possunt
554 639 630 676 etc.
662 625 915 695 simillimum
934 632 1056 688 hujus
1079 633 1296 674 verborum
1327 639 1430 674 stru-
1453 687 1455 690 ,

78 714 215 750 cturae
228 704 460 761 exemplum
477 705 672 748 habemus
691 707 748 747 tit.
762 708 810 748 V.
830 704 871 765 §.
882 704 948 748 6.
980 699 1119 757 „Inter
1139 711 1334 763 cognatos
1344 721 1429 747 au·—

77 786 165 823 tem
192 792 243 819 ex
274 783 498 833 transverso
521 780 658 834 gradu
693 780 797 820 olim
822 779 994 833 quidem
1021 791 1152 832 usque
1168 778 1225 818 ad
1241 784 1430 832 quartum

74 850 249 907 gradum
271 851 536 909 xmatrimonia
569 851 754 891 contrahi
782 864 865 890 non
892 855 1098 908 poterant,
1141 854 1250 890 nunc
1279 855 1429 892 autem

75 923 194 964 etiam¹
212 935 264 963 ex
284 923 403 963 tertio
423 923 556 994 gradu
576 920 672 963 licet
690 936 860 963 uxorem
882 914 1032 961 ducere
1042 924 1067 945 “
1087 927 1162 963 etc.
1233 923 1326 964 Hac
1343 924 1427 978 igi-

73 992 153 1040 nir
161 995 315 1038 ratione
333 991 430 1035 οιιιιι
441 995 575 1035 omnia
595 995 637 1034 in
654 995 723 1035 illo
741 991 963 1049 Ulpiani
983 993 1077 1034 loco
1096 995 1251 1049 optime
1271 993 1426 1036 cohae-

71 1072 211 1118 reant,
249 1081 331 1108 non
361 1051 655 1108 admittendum
685 1072 765 1120 est,
801 1072 845 1107 ut
865 1066 1042 1123 primum
1069 1067 1177 1107 istud
1193 1068 1432 1123 ,ffltidcmffl

46 1122 54 1130 “
71 1128 187 1194 (post
194 1139 375 1179 verbum
401 1139 605 1192 „femmae
616 1139 671 1193 “J
702 1139 903 1188 deleatur,
937 1138 1282 1191 quemadmodum
1309 1134 1425 1181 Hu-

71 1210 196 1266 goni
220 1211 263 1250 in
282 1210 393 1252 Add.
415 1217 455 1251 et
476 1210 636 1266 Corrig.
658 1211 747 1252 Jur.
769 1211 842 1250 civ.
859 1209 1057 1264 Antejust.
1072 1225 1116 1265 p.
1138 1209 1274 1251 16⁰4.
1294 1212 1427 1252 visum

71 1287 154 1332 est;
179 1281 293 1336 quod
308 1287 443 1322 tamen
458 1281 548 1336 ipse
567 1288 711 1336 postea
733 1283 852 1322 tacite
870 1274 1089 1332 revocavit,
1107 1282 1323 1321 novissima
1342 1282 1429 1322 edi-

69 1347 178 1416 tione
196 1368 287 1394 eam
307 1353 493 1394 voculam
509 1355 756 1409 recipiendo.
782 1361 840 1385 —‘
880 1348 967 1394 Sed
987 1353 1204 1408 singularia
1223 1341 1426 1406 quaedam

71 1422 124 1465 de
152 1425 256 1466 illius
283 1426 364 1466 loci
391 1426 585 1489 sententia
612 1440 707 1467 van
736 1426 764 1466 d
780 1440 803 1466 e
826 1422 1008 1465 Water
1031 1425 1072 1465 in
1091 1423 1303 1465 Observat.
1330 1425 1451 1485 Jura

68 1496 191 1540 Rom.
204 1498 271 1541 lib.
292 1497 362 1538 ΙΙΙ.
385 1511 419 1537 c.
433 1495 506 1537 16.
528 1497 603 1538 sub
627 1498 695 1539 fin.
712 1497 889 1555 protulit.
922 1498 987 1537 En
1003 1496 1126 1551 ipsius
1145 1496 1291 1536 verbaz'
1306 1497 1425 1549 „Vo-

70 1569 161 1611 cula
180 1591 228 1612 ε.
249 1600 258 1610 .
280 1569 492 1631 ςιιὶιῑίιεηιιι
509 1569 613 1622 (scil.
646 1576 743 1625 post
770 1600 796 1621 „
802 1567 1003 1624 feminae
1013 1569 1058 1623 “)
1075 1567 1315 1623 „significat‚
1344 1569 1424 1610 alia

70 1640 323 1689 nihilominus
351 1639 487 1681 'forma
511 1641 705 1685 foeminas
736 1641 918 1695 arrogari
941 1641 1137 1694 quivisse3
1178 1640 1423 1695 respiciente

68 1712 111 1755 U
120 1713 170 1771 lp
179 1714 194 1754 i
204 1728 229 1754 a
237 1728 264 1754 ιι
273 1728 298 1754 o
322 1711 383 1753 ad'
399 1713 678 1753 auctoritatem
701 1712 912 1767 Principis.
940 1743 1102 1755 ......
1129 1712 1329 1768 Suspicor
1343 1714 1423 1755 ita-
1504 1759 1508 1762 q

68 1798 161 1840 que,
185 1791 281 1840 post
305 1789 589 1841 arrogantur
611 1785 814 1839 quaedam
836 1784 1051 1826 excidisse:
1074 1798 1171 1825 nam
1194 1785 1227 1825 si
1248 1785 1424 1827 formam

69 1844 304 1913 disputandi
337 1858 378 1898 in
408 1858 591 1913 proxime
619 1858 879 1912 sequentibus
905 1858 1157 1912 usurpatam,
1199 1852 1304 1911 quae
1327 1847 1424 1900 hnic

68 1929 266 1969 simillima
282 1935 356 1983 est,
380 1930 646 1982 attendamus,
672 1945 756 1970 non
783 1931 954 1970 obscure
970 1931 1237 1983 monebimur,
1257 1918 1425 1972 defectu

67 1993 357 2062 Ulpianum
388 2002 586 2043 laborare.
657 1995 1040 2056 Ait'Ulpianus:
1104 1997 1425 2060 Pei-populum

68 2061 172 2115 vero
213 2073 465 2115 Romanum
494 2073 725 2129 foeminae
768 2074 942 2129 quidem
968 2087 1067 2115 non
1114 2081 1399 2131 arrogantur
1406 2091 1423 2126 ς

69 2147 217 2203 supple
230 2179 243 2202 ‚
274 2153 326 2189 at
340 2160 395 2188 ex
409 2147 627 2203 rescripto
646 2145 869 2201 Principis
879 2151 1080 2201 possunt.
1153 2147 1296 2202 Pergit
1313 2148 1424 2189 illico

68 2217 354 2275 Ulpianus:
390 2219 561 2274 Pupilla·
584 2225 719 2260 antea
746 2218 920 2273 quidem
951 2232 1037 2259 non
1047 2213 1264 2273 poterant
1287 2232 1426 2262 arro-

67 2292 203 2347 gari.-
233 2306 346 2335 nunc
377 2297 523 2334 autem
542 2295 732 2348 possunt
758 2304 814 2331 ex
837 2290 1140 2332 constitutione
1153 2290 1259 2333 Dim·
1278 2288 1425 2334 Anto-

69 2354 171 2403 nini.
218 2365 304 2405 Aut
325 2364 632 2422 dicendum-est,
664 2362 888 2417 Ulpiani
911 2363 1134 2403 orationem
1153 2376 1238 2403 non
1257 2364 1424 2417 quidem

72 2433 261 2491 abrumpi
281 2442 377 2491 post
405 2450 571 2488 vocem,
615 2440 918 2491 arrogantur,
958 2435 1032 2476 sed
1054 2434 1313 2491 jungendam
1336 2449 1426 2479 esse

71 2507 354 2561 sequentibus;
388 2510 444 2550 sic
461 2515 526 2561 ut,
560 2513 602 2549 et
619 2507 731 2561 quod
748 2507 800 2547 de
816 2507 1023 2560 foeminis,
1054 2513 1096 2548 et
1124 2508 1236 2562 quod
1262 2508 1316 2550 de
1342 2523 1427 2565 pu-

71 2577 176 2633 pillis
196 2580 404 2634 asseritur,
428 2583 629 2637 pertineat
649 2579 702 2620 ad
720 2579 807 2621 illa:
848 2593 963 2621 nunc
990 2584 1137 2621 autem
1158 2587 1349 2639 possunt
1372 2596 1429 2624 ex

73 2653 378 2696 constitutione
408 2654 513 2696 Dim·
542 2652 753 2697 Antonini
780 2682 972 2695 .......
1016 2652 1169 2695 Sensus
1205 2654 1328 2710 igitur
1351 2660 1428 2696 est:

568 2727 573 2735 '
787 2724 790 2730 ’
1158 2725 1189 2768 6

1553 3079 1615 3123 5
