1772 3123
279 254 282 258 ⁴
300 201 370 247 48

306 308 365 350 lio
393 305 682 352 manumissum
707 303 881 360 intelligi
907 308 1073 361 oportet
1100 316 1216 357 eum,
1258 304 1330 357 qui
1358 303 1667 349 :intuctasim
1739 286 1743 289 .

308 381 475 423 consilio
494 377 760 420 manumissus
782 378 1034 444 esa-quippe
1056 391 1149 420 cum
1167 389 1377 431 nusquam,
1395 377 1511 431 quod
1529 367 1667 445 Βοὶὸῲ,
1686 385 1689 388 ’
1771 389 1772 393 ’

307 453 523 507 vestigium
544 456 770 506 appareat,
811 462 895 504 quo
916 450 1190 505 significetur,
1231 450 1353 492 etiam
1377 449 1420 491 in
1448 462 1521 501 ea,
1561 463 1669 507 qnae

287 538 439 580 ,censu
463 524 613 575 fiebat,
659 520 970 570 manumissione
1001 524 1289 591 usqnvenisse,
1328 528 1374 564 ut
1405 535 1528 567 causa
1556 522 1670 583 apud

305 596 515 637 consilium
525 596 792 651 probaretur.
856 590 983 644 Quod
1006 608 1106 635 vero
1132 609 1185 636 ex
1210 595 1310 651 Gaj
1325 609 1350 636 o
1379 595 1411 635 l.
1439 591 1483 651 δ.
1501 592 1576 633 41.
1603 593 1670 650 di-

305 670 499 722 dicimus,
532 669 655 710 etiam
675 666 971 708 manumissioni
990 666 1098 707 inter
1123 668 1274 719 amicos
1297 666 1498 709 interdum
1522 680 1671 709 causae

304 743 594 798 probationem
619 739 861 781 antecedere
886 739 1097 791 debuisse,
1128 739 1173 779 id
1189 747 1299 780 certe
1314 755 1396 781 non
1421 741 1516 782 licet
1534 739 1589 780 ad
1605 739 1672 784 le·

307 829 407 872 gem
437 814 648 857 Aeliam
680 812 925 855 Sentiam
954 813 1129 864 referre,
1172 826 1299 866 quae,
1339 811 1672 867 quandoquidem

308 888 508 941 antiquior
539 891 630 926 erat
663 886 759 940 lege
790 885 821 926 J
829 898 857 925 u
869 885 915 925 ni
929 899 977 936 a,
1017 884 1192 925 dubitari
1208 898 1291 925 non
1308 890 1469 940 potest,
1500 886 1597 938 quin
1617 883 1673 924 ad

297 957 451 1015 justas
480 962 658 999 tantum
689 970 747 999 ac
776 956 1006 1013 legitimas
1044 956 1374 998 manumissiones
1414 956 1671 1011 spectaverit.

307 1032 497 1085 Namque
519 1030 631 1070 inter
658 1030 810 1070 amicos
836 1029 1068 1070 manumissi
1099 1043 1176 1085 per
1193 1028 1332 1084 legem
1354 1027 1385 1069 J
1395 1028 1565 1069 uniam
1596 1027 1674 1069 de-

307 1116 422 1143 mum
452 1102 714 1154 „libertatem
746 1107 1015 1156 acceperunt,
1057 1115 1152 1141 cum
1176 1102 1273 1142 olim
1303 1101 1409 1142 servi
1440 1100 1673 1141 viderentur

311 1189 398 1216 esse
411 1176 458 1224 “3
491 1187 576 1228 qua
594 1173 647 1214 de
664 1187 710 1214 re
733 1173 787 1214 cf.
820 1173 896 1214 Ga
899 1188 922 1228 J
937 1187 994 1214 us
1025 1173 1057 1214 l.
1078 1170 1122 1231 ξ.
1146 1173 1217 1216 22.
1235 1178 1276 1221 et
1295 1173 1365 1214 111.
1388 1169 1430 1231 §.
1451 1171 1526 1216 56.
1549 1178 1674 1229 atque

309 1248 607 1303 Fragmentum
629 1246 715 1302 jur.
732 1247 855 1289 Rom.
886 1246 1268 1287 Dositheanum
1310 1243 1386 1303 ἓξ.
1404 1245 1558 1287 6-8.
1587 1245 1675 1301 (vel

310 1318 353 1362 5.
372 1326 414 1361 et
436 1318 478 1363 6.
500 1332 552 1360 ex
582 1332 676 1359 mea
688 1318 822 1374 aedit.)
861 1340 926 1351 —
988 1317 1183 1360 Ceterum
1201 1319 1241 1360 in
1256 1323 1424 1375 promtu
1439 1324 1502 1360 est
1518 1317 1673 1371 videre,

312 1405 440 1446 quam
458 1392 584 1433 facile
604 1390 790 1431 accidere
804 1392 1005 1445 potuerit,
1036 1397 1082 1433 ut
1095 1392 1137 1432 in
1164 1391 1373 1432 codicibus
1393 1391 1674 1446 manuscriptis

307 1464 456 1505 verba:
500 1474 719 1514 „caesar‚
761 1475 941 1515 censor,
980 1465 1191 1516 censue,“
1232 1464 1473 1518 praesertim
1501 1464 1535 1504 si
1567 1463 1674 1505 uotis

309 1536 461 1590 scripta
481 1538 616 1575 essent
628 1564 639 1584 ,
671 1533 776 1573 inter
797 1549 841 1574 se
857 1541 1203 1590 permutarentur,
1234 1535 1404 1591 ejusque
1423 1537 1585 1591 generis
1607 1550 1677 1577 er-

307 1613 443 1650 ratum
473 1606 635 1647 videtur
664 1606 786 1647 etiam
816 1606 858 1647 in
889 1607 1028 1662 legem
1052 1605 1124 1648 15.
1145 1608 1199 1653 D.
1217 1608 1270 1650 de
1289 1608 1441 1663 public.
1470 1613 1512 1649 et
1527 1608 1675 1664 vectig.

312 1680 449 1736 (quod
467 1685 527 1720 est
544 1681 821 1734 fragmentum
844 1679 1025 1720 Alfeni
1056 1680 1232 1734 vari,)
1263 1681 1484 1736 irrepsisse,
1510 1681 1581 1721 ubi
1596 1694 1677 1735 pro

312 1753 560 1807 ‚‚caesar“
577 1751 845 1806 probabiliter
877 1751 1099 1807 legendum
1127 1757 1207 1793 est:
1255 1751 1444 1805 Cenem,
1477 1752 1691 1806 quemad-s

312 1825 485 1866 modum
514 1828 740 1879 praeeunte
771 1822 1029 1865 Fornerio
1069 1825 1107 1865 B
1121 1824 1310 1866 achius
1350 1825 1393 1866 in
1408 1824 1678 1881 I-Iistoriaju-

312 1897 431 1952 rispr.
448 1898 573 1938 Rom.
591 1908 636 1949 p.
657 1891 761 1934 225.
778 1899 862 1934 not.
890 1909 933 1948 p.
955 1896 1068 1948 (edit.
1086 1897 1176 1950 vl.)
1199 1897 1423 1938 arbitratur.

439 1968 487 2008 P.
513 1965 602 2008 191
622 1961 667 2003 b?
690 1967 716 2008 l.
735 1964 950 2005 11-423.
968 1966 1053 2019 (tit.
1074 1967 1105 2008 1.
1129 1965 1171 2024 ς.
1193 1967 1287 2022 21.)
1304 1968 1360 2007 ita
1380 1968 1575 2022 scriptum
1595 1972 1675 2009 est:

312 2040 459 2093 „Inter
489 2038 646 2080 medias
671 2038 873 2079 heredum
901 2039 1165 2080 institutiones
1189 2040 1354 2080 libertas
1380 2040 1475 2080 data
1495 2040 1676 2092 utrisque

312 2111 555 2158 adeuntibus
576 2125 660 2152 non
680 2111 806 2164 valet,
840 2111 929 2151 solo
952 2117 1087 2152 autem
1105 2112 1243 2167 priore
1261 2112 1433 2153 adeunte
1446 2112 1545 2168 jure
1572 2111 1676 2152 auti·-

312 2198 396 2238 quo
416 2185 551 2237 valet3
583 2184 658 2225 sed
679 2190 776 2239 post
796 2185 935 2239 legem
951 2184 1123 2239 Papiam
1137 2185 1400 2240 Poppaeam,
1441 2197 1547 2238 quae
1573 2196 1676 2238 par-

313 2262 399 2298 tem
429 2271 512 2297 nou
539 2256 725 2298 adeuntis
752 2256 951 2298 caducam
982 2257 1102 2310 facit,
1143 2258 1342 2312 siquidem
1369 2257 1522 2313 primus
1552 2255 1675 2303 heres

311 2330 382 2371 vel
402 2329 474 2384 jus
491 2330 701 2383 antiquum
716 2329 884 2382 habeat,
917 2330 1053 2370 valere
1070 2343 1161 2371 eam
1179 2345 1304 2386 posse
1322 2330 1486 2385 placuit.
1549 2326 1677 2385 Quod

313 2403 348 2443 si
368 2415 452 2443 non
470 2401 644 2453 habeat,
675 2414 759 2442 non
776 2402 913 2443 valere
935 2408 1114 2456 constat,
1146 2404 1259 2458 quod
1277 2404 1371 2444 loco
1392 2416 1474 2442 non
1491 2400 1676 2444 adeunfis

312 2474 499 2529 legatarii
520 2479 657 2528 patres
677 2473 850 2515 heredes
867 2476 978 2519 fiunt.
1030 2476 1133 2517 Sunt
1152 2481 1308 2527 tamen,
1328 2475 1455 2528 quiet
1471 2474 1555 2515 hoc
1576 2483 1676 2513 casu

316 2546 450 2587 valere
478 2544 572 2602 ejus
604 2560 696 2587 eam
719 2559 843 2602 posse
873 2547 1063 2590 dicunt.“
1134 2547 1183 2588 In
1211 2547 1292 2589 hac
1316 2546 1535 2588 verborum
1557 2540 1674 2592 serie,

316 2631 424 2672 quae
439 2625 692 2676 quantopere
711 2611 753 2662 in
769 2620 861 2664 cod.
880 2636 1058 2665 manusc.
1081 2621 1222 2663 Gerv
1234 2620 1330 2678 asii
1349 2625 1391 2662 et
1407 2613 1674 2662 Auredani
