1784 3123
1447 248 1507 301 19

158 363 381 416 retulerint,
426 363 471 404 id
496 361 611 416 quod
646 360 793 401 cadere
818 360 977 402 videtur
1009 361 1052 401 in
1082 361 1140 405 tit.
1168 359 1280 402 xm.
1310 366 1352 402 et
1374 362 1504 413 xlv.;

158 447 402 490 quanquam,
427 443 533 489 quae
557 438 600 475 et
625 432 667 474 in
695 431 758 490 liis
782 432 879 476 locis
912 440 953 477 et
985 433 1044 478 tit.
1078 433 1178 475 XVI
1194 456 1256 469 -ο
1273 432 1424 477 xvnl.
1448 435 1506 476 le-

155 513 325 564 guntur,
356 519 549 563 magnam
572 511 731 562 partem
746 505 801 547 ita
816 513 906 550 sunt
922 506 1091 549 confusa
1109 511 1231 561 atque
1252 507 1505 563 perturbata,

154 585 200 622 ut
216 581 269 623 de
296 579 521 633 antiquiore
548 578 711 632 codice,
742 593 767 620 a
791 594 872 634 quo
897 581 954 632 is,
987 579 1058 633 qui
1083 578 1207 620 hodie
1234 586 1380 633 exstat,
1411 594 1504 622 ma-

111 645 115 649 *
154 654 283 706 navit,
324 657 364 694 et
391 651 554 693 lacunas
585 652 778 706 quasdam
804 659 844 695 et
875 653 1067 695 foliorum
1093 652 1375 694 nonnullorum
1388 661 1502 696 ·con2

153 725 351 766 fusionem
379 722 492 764 haud
514 731 666 766 temere
691 726 884 780 suspicari
911 726 1041 770 liceat.
1116 725 1337 774 Quomodo
1367 733 1501 767 autem

152 795 305 837 factum
323 793 393 848 sit,
424 802 481 848 ut,
499 797 700 853 quaejam
720 798 794 839 sub
813 799 869 839 fit.
896 797 1047 839 xxm.
1073 797 1168 838 inde
1189 812 1214 838 a
1238 794 1281 854 §.
1302 797 1345 841 7.
1376 799 1500 840 collo-

152 872 243 907 cata
261 867 532 921 inveniuntur,
564 870 617 909 ad
640 869 749 909 hunc
772 870 909 909 locum
934 871 1108 910 alienum
1127 870 1385 921 devenerint,
1420 884 1502 910 non

151 937 290 979 audeo⁴
311 939 499 993 equidem
511 940 705 982 definire.
732 964 796 973 -—
836 941 923 982 Sed
947 947 1071 982 restat
1096 941 1248 995 aliquid
1274 946 1501 983 memoratu

150 1009 448 1064 dignissimum,
481 1013 606 1065 quod,
626 1019 671 1053 ut
689 1026 740 1053 ex
757 1012 1008 1068 conjectura,
1030 1027 1152 1066 quam
1171 1014 1383 1067 hucusque
1399 1027 1500 1068 per·-

151 1077 277 1123 secuti
293 1096 448 1136 sumus,
480 1084 632 1139 optime
652 1085 845 1140 explicari
864 1090 1021 1140 potest,
1052 1085 1107 1126 ita
1123 1100 1259 1127 rursus
1290 1086 1328 1127 ei
1352 1100 1497 1128 corro-

97 1196 102 1202 ,
147 1154 355 1196 borandae
374 1157 540 1210 egregie
562 1157 732 1197 inservit.
795 1157 958 1198 Scilicet
991 1172 1096 1211 quae
1121 1159 1162 1198 in
1190 1159 1332 1198 codice
1360 1158 1497 1213 Frag-

147 1232 374 1269 mentorum
406 1233 633 1269 nostrorum
667 1230 724 1272 tit.
756 1229 805 1271 V.
865 1229 973 1283 „De
1002 1231 1071 1273 his
1103 1231 1176 1287 qui
1205 1230 1250 1271 in
1273 1235 1499 1285 potestate

146 1303 303 1351 sunt,“
333 1300 515 1355 subjecta
542 1307 655 1352 sunt,
693 1308 733 1341 et
750 1302 915 1355 quidem
942 1316 992 1342 ex
1009 1308 1179 1356 recepta
1206 1301 1491 1355 paragrapho·

145 1383 236 1411 rum
268 1370 543 1413 distributione
582 1370 656 1430 ὃς.
676 1371 719 1415 6.
749 1379 789 1414 et
813 1372 855 1413 Ἰ.
882 1373 1155 1424 continentur,
1189 1386 1238 1413 ea
1261 1372 1304 1412 in
1325 1371 1497 1414 Mosaic.

147 1448 189 1483 et
205 1443 377 1484 Roman.
395 1446 475 1499 leg.
488 1445 632 1486 Collat.
650 1446 707 1488 tit.
728 1445 797 1485 VI.
810 1459 845 1486 c.
864 1444 906 1484 2.
924 1445 978 1485 ad
995 1445 1118 1485 alium
1136 1446 1226 1484 libri
1242 1445 1496 1498 Regularum

144 1514 362 1571 Ulpiani
402 1517 580 1568 titulum,
630 1517 745 1573 cujus
775 1518 816 1559 in
847 1517 917 1558 illo
948 1517 1090 1558 codice
1117 1517 1225 1557 nulla
1258 1517 1407 1557 mentio
1433 1517 1493 1567 fit,

144 1602 291 1643 nempe
309 1589 362 1629 ad
382 1589 540 1628 titulum
561 1588 660 1641 „De
679 1590 878 1645 nuptiis“,
900 1589 1134 1629 referuntur.
1175 1587 1308 1641 Hujus
1326 1589 1493 1642 quidem

144 1660 436 1717 discrepantiae
471 1662 733 1716 explicandae
760 1662 851 1717 jam
880 1662 921 1701 in
960 1660 1236 1701 dissertatione
1270 1661 1407 1702 critica
1439 1661 1493 1702 de

143 1733 361 1788 Ulpiani
392 1734 646 1789 Fragmentis
680 1749 723 1787 p.
745 1733 806 1773 43
822 1757 885 1763 —
901 1731 972 1774 46.
993 1732 1220 1787 periculum
1245 1732 1348 1781 feci3
1381 1734 1493 1786 quod

141 1809 297 1855 tamen,
331 1819 456 1858 quum
474 1819 523 1845 ea
540 1806 687 1844 nitatur
701 1806 911 1861 opinione,
942 1805 1148 1845 titulorum
1165 1804 1493 1860 descriptionem,

142 1877 269 1931 qualis
287 1877 330 1917 in
356 1877 497 1918 codice
515 1877 856 1932 Fragmentorum
878 1883 1110 1919 nostrorum
1134 1884 1282 1929 exstat,
1319 1879 1372 1918 ab
1402 1879 1492 1934 ipso

141 1949 372 2004 Ulpiano
394 1950 622 2005 profectam
641 1965 762 2003 -esse,
793 1965 876 1992 non
893 1950 1062 2006 amplius
1087 1950 1242 2004 probo,
1273 1950 1349 1991 sed
1373 1951 1491 1991 aliam

141 2036 248 2062 nunc
272 2035 421 2076 sequor
440 2024 649 2076 rationem,
665 2038 756 2065 cum
774 2025 834 2076 iis,
867 2038 973 2077 quae
1002 2023 1127 2063 modo
1152 2022 1363 2078 disputavi,
1378 2030 1492 2081 *apte

142 2095 439 2136 cohaerentem.
511 2097 707 2138 Existimo
734 2097 858 2147 enim,
890 2110 973 2136 non
1001 2096 1042 2136 in
1066 2097 1251 2137 omnibus
1282 2097 1393 2148 libri,
1437 2097 1490 2137 de

141 2181 224 2221 quo
246 2169 473 2221 quaerimus
488 2198 500 2219 ‚
543 2170 764 2225 Ulpiani
803 2167 1009 2208 codicibus
1039 2167 1318 2222 manuscriptis
1351 2168 1490 2208 locum
1536 2191 1540 2194 -

139 2239 327 2281 habuisse
343 2240 453 2282 illam
470 2242 693 2283 rubricam:
725 2273 749 2295 „
761 2241 832 2282 De
853 2239 922 2281 his
938 2239 1010 2294 qui
1028 2239 1073 2280 in
1086 2244 1310 2295 potestate
1332 2243 1489 2294 sunt“‚

140 2314 253 2366 (sive
279 2314 417 2354 addito
446 2314 529 2354 sive
555 2317 838 2369 praetermisso
862 2313 1011 2353 verbo:
1042 2312 1204 2367 patria
1229 2312 1296 2352 vel
1321 2326 1488 2368 paren-

140 2387 284 2440 tum‚)
317 2386 389 2428 sed
416 2387 455 2427 in
480 2399 560 2426 uno
588 2392 629 2427 et
656 2388 784 2428 altero
819 2385 1040 2440 exemplari
1076 2386 1114 2426 ei
1145 2385 1342 2440 paginae,
1383 2398 1488 2438 quae

131 2451 232 2512 justi
248 2461 486 2501 matrimonii
510 2466 551 2500 et
579 2460 765 2499 connubii
790 2459 1080 2512 expositionem
1110 2457 1486 2511 comprehenderet,

137 2530 414 2585 praepositum
439 2533 561 2574 fuisse
581 2532 740 2573 titulum
770 2532 853 2572 sive
876 2531 1101 2572 rubricam:
1141 2560 1167 2583 „
1183 2528 1254 2570 De
1275 2528 1438 2584 nuptiis
1448 2522 1486 2578 ‘S

138 2608 259 2656 atque
285 2602 487 2658 ejusmodi
514 2606 720 2661 exemplar
748 2603 981 2645 Collationis
1010 2609 1216 2644 auctorem
1245 2600 1301 2641 ad
1323 2614 1487 2642 manum

137 2675 338 2737 habuisse.
421 2678 580 2729 Quodsi
601 2675 654 2721 de
683 2691 804 2720 causa
823 2679 1049 2732 quaeritur,
1089 2675 1198 2718 unde
1224 2674 1330 2717 haec
1357 2675 1485 2717 rubri-

1160 2747 1189 2788 2
1210 2746 1237 2777 *
