1755 3123
117 873 419 950 Posteaquam
435 895 573 951 priore
589 896 935 938 commentationis
954 901 1114 937 nostrae
1141 901 1262 951 parte
1286 896 1422 937 titulos
1439 896 1472 937 1.

119 975 161 1011 et
182 969 235 1011 11.
263 969 603 1025 Fragmentorum
630 970 846 1025 Ulpiani
877 970 1016 1010 critico
1045 969 1180 1010 studio
1206 970 1471 1026 perlustravi-

118 1055 230 1095 mus,
264 1041 356 1096 jam
383 1054 477 1081 cum
500 1042 599 1081 nihil
621 1055 728 1096 opus
754 1043 804 1083 sit
823 1056 1110 1097 praemonere,
1143 1042 1281 1082 statim
1294 1041 1347 1081 ad
1367 1054 1470 1096 pro-

118 1114 225 1156 xime
241 1118 452 1167 sequentes
472 1113 558 1169 ejus
580 1115 715 1169 operis
735 1116 870 1156 titulos
893 1114 1218 1170 progrediamur.

243 1185 308 1226 De
330 1185 482 1239 modis,
514 1187 657 1240 quibus
675 1186 809 1227 Latini
828 1187 883 1227 ad
901 1188 1103 1228 civitatem
1120 1182 1352 1226 Romanam
1371 1197 1472 1238 per-

120 1257 304 1311 veniant,
335 1257 376 1298 in
404 1257 545 1298 codice
571 1257 912 1314 Fragmentorum
947 1264 1179 1298 nostrorum
1206 1257 1404 1297 Vaticano
1431 1269 1475 1309 p.

120 1328 211 1370 192
230 1325 272 1368 ⁸ss
301 1329 327 1370 l.
350 1328 563 1371 23—28.
589 1329 667 1383 (tit.
684 1331 756 1371 111.
777 1328 905 1386 §.13
936 1329 993 1369 ita
1015 1329 1213 1383 scriptum
1237 1333 1321 1368 est:
1354 1327 1478 1381 „La-

118 1402 189 1442 tini
202 1402 272 1457 jus
292 1401 507 1452 Quiritium
527 1407 828 1455 consequuntur
857 1400 921 1442 his
950 1400 1106 1441 modis:
1136 1400 1336 1440 beneficio
1355 1398 1477 1438 Prin-

121 1474 264 1527 cipafi,
295 1473 453 1523 liberis,
484 1464 708 1526 iteratione,
738 1472 899 1525 militia,
931 1486 1056 1523 nave,
1086 1471 1294 1520 aedificio,
1336 1470 1477 1524 pistri-·

120 1557 196 1593 1¹03
236 1549 450 1599 praeterea
487 1549 529 1584 et
555 1544 908 1585 Senatusconsulto
934 1543 1070 1598 vulgo
1102 1555 1213 1597 quae
1244 1542 1302 1583 sit
1330 1547 1373 1583 te
1402 1556 1477 1583 re-

119 1618 283 1658 nexa.“
344 1617 555 1657 Postrema
570 1617 697 1657 verba
718 1616 832 1668 (inde
852 1629 877 1655 a
895 1645 921 1667 ,,
930 1616 1066 1670 vulgo
1074 1615 1134 1669 “)‚
1167 1614 1322 1655 etiamsi
1343 1628 1395 1655 ex
1412 1615 1475 1655 vi-

121 1689 225 1730 tiosa
243 1682 442 1742 scriptura
459 1692 538 1739 „te
562 1689 762 1727 renexa“
792 1700 887 1727 cum
914 1687 1099 1738 omnibus
1120 1686 1342 1728 editoribus
1370 1685 1476 1727 effe-

121 1761 315 1801 cerimus:
360 1765 430 1799 ter
451 1758 582 1799 enixa
598 1788 610 1809 ,
658 1764 793 1798 tamen
823 1759 995 1799 multum
1018 1759 1277 1799 dubitationis
1311 1758 1476 1799 habent.

122 1828 437 1886 Conjunctivum
463 1829 629 1883 quidem
655 1830 806 1882 „2it,“
838 1844 921 1885 quo
949 1831 1027 1872 Hu
1035 1845 1127 1887 go,
1159 1830 1214 1872 de
1238 1845 1289 1872 eo
1318 1831 1412 1872 loco
1437 1831 1478 1872 in

120 1903 374 1946 Promtuario
390 1902 497 1957 juris
531 1903 604 1944 civ.
637 1903 759 1946 Tom.
780 1904 849 1945 IV.
869 1918 911 1959 p.
942 1900 1217 1945 390-395,
1259 1903 1477 1959 disputauS,

122 1975 363 2027 offenditur,
395 1975 701 2017 defendendum
722 1977 960 2032 putaverim,
991 1981 1036 2017 ut
1061 1991 1233 2032 „quae.
1258 2008 1268 2017 .
1290 2008 1300 2018 .
1323 2008 1333 2018 .
1350 1977 1481 2019 enixa

122 2049 218 2090 sit“
247 2048 421 2102 perinde
441 2048 662 2101 habeatur,
692 2063 741 2090 ac
762 2049 794 2090 si
815 2049 967 2089 dictum
986 2052 1112 2090 esset:
1155 2050 1195 2090 si
1226 2062 1315 2104 qua
1348 2049 1480 2090 enixa

124 2121 205 2173 sit,
236 2120 349 2175 cujus
369 2122 430 2161 rei
448 2123 680 2176 exemplum
703 2123 743 2162 in
762 2121 878 2162 simili
898 2121 1116 2162 verborum
1137 2126 1325 2161 contextu
1353 2134 1479 2174 prae-

123 2193 196 2235 bet
217 2193 266 2235 L.
297 2191 401 2232 137.
423 2193 474 2233 D.
500 2193 553 2235 de
577 2194 688 2235 verb.
720 2193 872 2249 signifi:
904 2193 1026 2245 „Ter
1050 2192 1164 2234 enixa
1184 2192 1341 2233 videtur
1359 2193 1482 2234 etiam

125 2279 231 2319 quae
260 2265 494 2320 trigeminos
514 2266 800 2321 pepererit‚“
840 2265 922 2319 (ex
948 2266 1040 2308 lect.
1068 2265 1274 2320 Florent.)
1308 2265 1481 2307 Cetero—

65 2324 77 2332 ⁴⁴
127 2337 225 2391 quin
243 2344 377 2379 autem
403 2338 502 2392 quid
528 2338 581 2379 de
610 2339 743 2380 verbis
770 2338 845 2379 illis
877 2339 997 2379 statui
1029 2344 1235 2394 oporteat,
1278 2338 1481 2378 difficilius

128 2414 193 2451 est
209 2409 264 2450 ad
282 2410 618 2466 investigandum.
681 2411 813 2452 Possit
832 2412 1003 2453 fortasse
1021 2412 1220 2467 quispiam
1242 2411 1391 2452 codicis
1417 2411 1482 2451 le-

127 2483 302 2524 ctionem
319 2483 374 2530 ita
395 2473 638 2537 defendere‚'
668 2490 714 2526 ut
735 2484 865 2525 dicat:
896 2485 1035 2541 vulgo
1053 2484 1165 2526 idem
1182 2498 1269 2526 esse
1289 2497 1338 2523 ac
1366 2497 1481 2540 pas-

125 2556 231 2610 sim,
255 2558 527 2612 promiscue,
559 2558 830 2610 indistincte,
862 2573 945 2612 quo
973 2558 1241 2613 significetur,
1280 2557 1481 2610 Latinam,

127 2630 159 2671 si
177 2635 242 2673 ter
259 2632 488 2687 pepererit,
520 2631 666 2689 utique
677 2632 749 2690 =jus
767 2632 981 2685 Quiritium
1002 2632 1213 2688 consequi,
1250 2630 1405 2673 etiamsi
1434 2644 1482 2672 ea
