1755 3123
1472 204 1686 270 1⁸5st

164 303 353 363 ‘praeter
365 269 428 360 ea,
458 319 565 362 quae
581 303 708 347 modo
726 304 1147 360 commemoravimus,
1179 304 1302 348 etiam
1319 306 1438 362 plura
1456 310 1534 353 alia

186 379 471 436 Ulpianum
499 377 613 420 initio
641 376 741 417 <libri
769 376 831 417 sui
859 376 1087 433 disputasse
1117 378 1384 435 suspicentur.
1464 381 1534 422 Sic
1570 442 1579 448 -

184 448 516 494 Meermanus
554 448 597 490 iu
624 453 728 490 nota
756 447 800 491 1.
825 448 880 498 ad
916 449 1202 506 Ulpianum
1239 451 1293 493 ab
1324 450 1421 507 ipso
1444 452 1536 494 edi-

52 495 57 499 ”
100 513 105 516 ’
182 528 290 576 tum,
320 520 600 579 praejudicata
614 509 805 562 videlicet
826 521 969 564 ductus
998 522 1208 578 opinione,
1237 523 1535 580 Fragmentum

181 595 576 638 Dositheauum
615 593 669 634 ab
710 592 929 650 Ulpiani
978 593 1090 636 libro
1123 594 1403 651 Regularum
1439 612 1532 640 ma·-

180 680 321 717 uasse,
353 677 405 705 ex
437 666 736 719 comparatione
763 665 1001 722 Fragmenti
1025 666 1130 707 illius
1163 666 1339 721 colligit,
1367 683 1532 724 „pne-

180 739 337 780 misisse
355 767 365 778 .
384 766 397 777 .
415 769 426 780 .
446 769 456 779 .
486 736 773 792 Ulpianum
810 738 1061 780 Tnctationi
1107 738 1165 779 de
1197 736 1386 780 Liberae
1419 741 1531 781 varia

179 801 383 864 quaedam
405 809 458 850 de
475 808 579 864 juris
601 810 812 864 speciebus
824 812 870 860 “‚
901 816 1025 865 atque
1052 811 1256 865 prooemii
1283 810 1379 852 loco
1406 811 1531 865 „flere

178 895 229 924 ea
257 883 418 924 omnia.
536 881 772 934 tradidisse,
813 894 921 934 quae
949 881 1054 938 Imp.
1086 882 1421 924 Justinianus
1453 884 1530 925 sub

178 953 323 996 *Titulo
341 953 526 1009 secundo
544 953 667 995 Libri
677 954 815 1010 primi
837 953 973 997 Instit.
996 945 1215 1004 tractavit&
1227 985 1240 1007 ,
1273 956 1529 1011 eandemque

176 1026 232 1067 ob
268 1041 451 1078 causam,
497 1032 543 1067 ut
563 1027 688 1083 paulo
717 1031 812 1081 post
846 1032 942 1067 nota
973 1026 1015 1069 3.
1044 1028 1119 1079 ait,
1163 1027 1289 1069 etiam
1323 1036 1548 1083 paragra-³

174 1098 262 1154 pho
284 1097 327 1140 4.
348 1098 547 1154 prooemii
569 1098 848 1153 Ulpianum
868 1097 972 1139 haec
990 1104 1110 1154 putat
1123 1099 1400 1155 praemisisse:
1431 1100 1525 1152 „le-

173 1171 248 1225 gis
267 1175 412 1211 autem
427 1170 719 1225 adpellatione
735 1175 935 1212 caeterae
944 1176 1098 1226 partes
1111 1169 1222 1226 juris
1235 1171 1387 1226 scripti
1412 1184 1526 1213 com·

167 1241 546 1297 prehenduntur.“
608 1241 671 1283 Ac
694 1236 874 1283 similiter
898 1242 1053 1298 Hugo
1084 1243 1127 1282 in
1143 1242 1400 1283 Promtuario
1419 1242 1525 1298 juris
1556 1250 1560 1288 ’ς

174 1304 248 1355 civ.
267 1315 388 1356 Tom.
411 1315 481 1358 lv.
505 1329 550 1370 p.
567 1313 670 1356 364.
693 1316 911 1367 existimat,
942 1315 1054 1355 initio
1080 1315 1423 1369 Fragmentorum
1448 1330 1527 1357 uo-
1559 1330 1562 1339 ·

171 1392 346 1428 strorum
363 1386 609 1428 intercidisse
633 1388 909 1441 quaestionem
935 1385 990 1425 de
1000 1384 1159 1442 justitia
1191 1391 1232 1426 et
1254 1385 1353 1443 jure
1394 1388 1526 1428 maxi-
1556 1400 1560 1440 5

170 1471 360 1513 mamque
384 1465 544 1515 partem
570 1459 651 1498 loci
678 1458 845 1515 dejure
873 1458 1066 1509 naturali,
1113 1458 1295 1512 gentium
1314 1464 1365 1498 et
1392 1459 1523 1509 civili,

169 1530 272 1570 inter
296 1544 346 1572 ea
375 1531 504 1581 enim,
545 1543 652 1584 quae
673 1529 799 1570 hodie
825 1526 869 1586 ἓ.
899 1529 941 1569 3.
978 1528 1246 1579 continentur,
1287 1533 1328 1569 et
1358 1542 1551 1572 morum

169 1602 445 1663 definitionem
464 1600 506 1660 §.
525 1601 569 1644 4.
600 1601 934 1658 comprehensam
951 1599 1064 1640 haud
1093 1598 1218 1642 dubie
1245 1600 1299 1642 de
1321 1601 1556 1659 Senatus-.

168 1675 380 1726 consultis,
412 1668 756 1717 constitutionibus
773 1671 1028 1726 Principum,
1053 1670 1193 1712 edictis
1213 1674 1521 1730 magistratuum
1553 1663 1559 1705 ἱ

166 1747 334 1800 aliisque
353 1747 475 1788 rebus
498 1751 714 1788 tractatum
729 1744 864 1786 fuisse.
926 1744 983 1785 At
1002 1757 1125 1795 vero,
1156 1750 1202 1786 ut
1232 1744 1522 1792 Meermani
1563 1772 1566 1792 2

165 1818 283 1859 istam
313 1817 366 1858 de
392 1817 642 1875 Fragmento
681 1815 1010 1859 Dositheano
1059 1816 1294 1872 opinionem
1332 1833 1441 1862 cum.
1458 1821 1520 1874 iis,

165 1904 271 1944 quae
286 1890 383 1932 inde
404 1893 592 1948 collegit,
621 1892 786 1932 missam
801 1889 1014 1940 faciamus,
1046 1895 1088 1930 et
1105 1890 1146 1930 in
1165 1889 1408 1947 Hugonis
1426 1898 1519 1935 tau..

164 1969 252 2004 tum
277 1965 494 2017 sententia,
532 1965 598 2005 cui
627 1962 862 2017 exemplum
890 1961 1188 2003 Institutionum
1218 1962 1248 2004 J
1257 1964 1518 2007 ustiuiani

164 2037 422 2078 obversatum
449 2043 529 2089 est,
563 2048 883 2086 commoremur,
922 2047 974 2074 ex
1001 2048 1075 2085 eo,
1107 2034 1220 2088 quod
1250 2034 1400 2078 harum
1424 2039 1518 2090 qui-

163 2107 259 2149 dem
286 2108 454 2149 exordio
486 2110 739 2163 quaestiones
778 2106 892 2157 illae,
940 2119 1112 2158 quarum
1136 2107 1381 2147 mentionem
1410 2107 1515 2148 feci-

162 2194 251 2222 mus
264 2211 276 2233 ,
319 2181 589 2235 explicantur,
636 2196 717 2223 non
764 2181 857 2222 licet
902 2177 1093 2234 profecto
1132 2180 1424 2232 argumentari,
1472 2181 1515 2222 in

162 2254 346 2295 omnibus
362 2259 544 2295 veterum
560 2253 947 2295 Jurisconsultorum
963 2249 1095 2302 libris,
1127 2250 1196 2303 qui
1224 2263 1423 2293 summam
1437 2251 1515 2311 ju<-

161 2325 219 2365 ris
247 2327 422 2368 breviter
450 2327 698 2381 descriptam
720 2326 990 2375 continerent,
1036 2323 1150 2364 idem
1177 2337 1265 2365 esse
1292 2325 1513 2379 aequaliter

160 2397 430 2442 obser-vatum.
494 2399 636 2451 Quid?
666 2398 779 2453 quod
803 2412 856 2441 ne
887 2396 1011 2452 Gaji
1041 2396 1207 2451 quidem
1231 2396 1510 2451 Institutioues,

158 2471 288 2512 multo
303 2486 413 2514 saue
444 2473 609 2528 Ulpia
621 2473 673 2513 ni
687 2472 809 2514 ‚libro
833 2471 1026 2526 singulari
1042 2471 1295 2525 Regularum
1312 2469 1512 2525 prolixio-

159 2557 246 2595 res,
277 2543 401 2587 talem
428 2544 582 2585 habent
612 2544 843 2595 articulum,
874 2543 946 2596 qui
971 2542 1264 2584 Institutionum
1285 2540 1317 2583 J
1325 2543 1511 2585 ustiui-

160 2617 244 2658 ani
273 2616 455 2669 tituloz„
467 2617 521 2659 de
538 2618 697 2675 justitia
719 2622 761 2659 et
778 2615 911 2674 jure“
941 2614 1209 2672 respondeam
1239 2628 1316 2658 nee
1343 2616 1400 2659 de
1412 2616 1509 2674 jure

1126 2687 1155 2727 3
1176 2690 1197 2709 3
