1784 3123
254 216 317 260 28

255 326 318 361 est
335 319 488 370 videre,
519 317 729 372 quomodo
749 331 798 358 ea
816 318 1031 361 artfficiose
1051 317 1330 361 connectendo
1347 332 1397 359 ac
1417 325 1617 378 supplen-

255 393 312 433 do
343 392 485 432 Meer
495 404 668 432 manus
700 392 741 431 in
756 391 893 441 istam,
925 406 1049 446 quam
1065 393 1367 448 proposuimus,
1402 394 1617 447 conjectu-

253 479 344 505 ram
358 464 551 517 delapsus
567 464 628 505 sit.
689 463 841 504 Verum
862 464 982 503 etiam
1001 466 1155 505 interna
1185 466 1271 520 ejus
1290 464 1391 505 ratio
1423 464 1616 520 impedit,

254 550 337 591 quo
355 536 486 577 minus
504 535 766 590 comprobari
783 540 914 589 queat.
965 536 1009 576 Si
1037 538 1143 578 enim
1159 537 1417 593 respicimus,
1437 538 1627 591 quae-de
1722 561 1735 584 0
1756 527 1760 531 ,

254 610 383 650 minus
409 622 534 662 quam
557 609 743 662 perfecta
770 609 864 663 lege
890 608 931 647 in
959 608 1101 648 codice
1130 610 1327 651 Vaticano
1352 605 1530 660 exstant,
1561 608 1619 651 it·

254 681 407 722 scilicet
426 687 685 736 comparata,
718 687 762 722 ut
783 681 906 736 hujus
923 681 1026 736 legis
1044 681 1222 735 primum
1237 681 1438 733 definitio,
1470 680 1620 722 deinde

255 754 490 808 exemplum
510 753 724 803 afferatur,
756 767 903 807 parum
927 753 1145 807 probabile
1173 758 1254 802 est,
1292 755 1501 807 perfectae
1517 754 1620 808 legis

256 826 536 880 Ulpianum
577 825 713 879 primo
748 826 982 881 exemplum
1015 824 1301 880 proposuisse,
1354 832 1439 866 tum
1471 839 1620 867 nomen

257 897 509 951 subjunxisse
527 898 612 938 sine
633 899 716 938 ulla
737 899 982 939 definitione.
1046 899 1193 951 Neque
1212 897 1348 951 ipsum
1365 898 1525 937 dicendi
1541 912 1619 953 ge·-

256 983 330 1011 nus
348 969 619 1011 describendo
639 971 743 1026 legis
776 971 806 1012 J
814 972 864 1012 ul
876 973 920 1012 ia
932 986 955 1013 e
988 977 1029 1012 et
1048 971 1083 1011 P
1095 970 1214 1024 apia
1227 984 1249 1010 e
1282 974 1523 1024 argumento
1543 970 1619 1010 ad-

255 1042 432 1082 hibitum
462 1056 755 1096 usquequaque
786 1043 953 1097 dignum
981 1049 1041 1084 est
1085 1043 1336 1096 Ulpiano‚·
1383 1046 1493 1081 certe
1519 1041 1621 1080 illud

258 1114 382 1167 „viro
401 1119 442 1154 et
462 1114 595 1154 uxori
615 1143 624 1153 .
645 1143 654 1154 .
680 1147 690 1156 .
710 1143 720 1153 .
738 1114 934 1168 prohibet
953 1150 962 1159 .
984 1148 994 1157 .
1018 1146 1028 1157 .
1050 1150 1060 1159 .
1081 1128 1231 1169 capere
1243 1118 1269 1140 ‘⁶
1301 1114 1420 1168 (prot
1452 1112 1621 1166 „virum

259 1193 302 1228 et
320 1200 503 1228 uxorem
515 1215 527 1236 ,
542 1187 598 1240 ⁴⁶]
641 1200 761 1226 nemo
779 1187 899 1225 facile
919 1188 1014 1238 erit,
1054 1188 1123 1240 qui
1138 1188 1272 1241 probe
1292 1186 1443 1226 dictum
1463 1199 1620 1241 agnos-

259 1266 337 1301 cat.
411 1259 531 1310 Quae
566 1272 664 1299 vero
698 1258 752 1298 ad
776 1258 1061 1313 imperfectam
1088 1260 1229 1314 legem
1255 1260 1298 1299 in
1325 1260 1401 1300 isto
1451 1245 1626 1303 Meet--

257 1332 397 1373 mani
440 1331 728 1384 supplemento
757 1336 965 1384 spectant,
1009 1332 1128 1370 etiam
1151 1332 1350 1384 ineptiora
1379 1336 1480 1370 sunt.
1554 1331 1621 1370 An

258 1403 346 1457 quis
374 1401 536 1453 credet,
574 1402 629 1442 ita
660 1403 980 1456 compositurum
1004 1403 1126 1444 fuisse
1153 1403 1435 1459 Ulpianum
1464 1403 1621 1457 imper-

257 1475 390 1515 fectae
411 1474 514 1528 legis
543 1474 836 1523 definitionem,
871 1481 916 1514 ut
944 1481 1056 1516 certo
1085 1480 1242 1514 tantum
1259 1476 1448 1529 exemplo
1469 1488 1618 1514 conve-

256 1547 362 1593 niat,
406 1547 446 1587 ei
473 1545 681 1596 videlicet,
717 1546 830 1600 quod
863 1534 1169 1587 Meermano
1210 1547 1252 1586 in
1277 1552 1455 1586 mentem
1483 1545 1620 1586 venit?

256 1620 419 1661 Etenim
442 1618 497 1659 ad
515 1618 653 1658 mortis
671 1632 791 1659 causa
811 1619 1045 1660 donationes
1075 1620 1266 1675 profecto
1301 1633 1382 1660 non
1407 1619 1503 1659 licet
1527 1632 1618 1658 om-

260 1693 371 1732 nium
382 1692 715 1745 imperfectarum
726 1693 866 1746 legum
885 1699 1170 1747 argumentum
1189 1693 1445 1747 restringere.
1477 1691 1620 1741 Quod-

260 1764 293 1805 si
333 1764 439 1803 forte
489 1764 621 1803 verbis
669 1763 936 1817 imperfectae
983 1765 1088 1819 legis
1140 1764 1333 1805 mentioni
1378 1763 1597 1818 subjunctis
1606 1749 1623 1804 ι’

259 1849 401 1890 „quae
418 1833 685 1889 prohibet‚“
727 1840 802 1874 etc.
829 1849 911 1875 non
939 1836 1239 1888 definitionem,
1279 1836 1354 1876 sed
1385 1836 1620 1890 exemplum

260 1907 461 1961 ejusmodi
484 1906 587 1960 legis
613 1907 807 1946 contineri
823 1909 994 1947 voluerit
1010 1910 1077 1948 ille
1097 1910 1158 1948 vir
1173 1909 1330 1958 doctus,
1362 1914 1470 1947 certe
1489 1908 1619 1961 parti-

261 1980 395 2018 culam
409 1978 554 2027 „velut
564 1981 610 2026 ⁶⁴,
636 1982 705 2016 aut
723 1978 850 2017 simile
867 1979 965 2031 quid
982 1980 1028 2019 iis
1046 1979 1251 2033 praemitti
1267 1980 1496 2033 oportebat.
1528 1980 1618 2019 Nec

259 2065 358 2092 vero
391 2051 524 2105 magis
552 2050 690 2104 ipsum
715 2051 949 2104 exemplum
979 2052 1243 2105 imperfectae
1268 2053 1371 2106 legis
1396 2053 1452 2092 illi
1478 2063 1616 2091 assen-

258 2123 440 2164 tiendum
459 2123 546 2162 erit.
610 2123 775 2176 Nempe
796 2122 848 2162 de
866 2123 1220 2164 Senatusconsulto
1242 2126 1396 2179 cogitat
1411 2124 1464 2163 ad
1480 2124 1617 2175 legem

259 2195 290 2235 J
300 2196 461 2234 uliam
494 2201 534 2234 et
564 2195 632 2234 Pa
644 2195 697 2249 pi
709 2209 784 2234 am
813 2195 924 2235 facto
935 2224 946 2245 ‚
980 2196 1094 2250 cujus
1110 2179 1444 2251 praeceptumL.
1464 2190 1535 2233 35.
1550 2206 1614 2246 pr.

257 2267 310 2308 l).
346 2266 399 2306 de
423 2267 560 2307 mortis
588 2282 708 2307 causa
734 2267 870 2307 donat.
898 2281 923 2306 a
953 2268 1115 2309 Paulo
1147 2270 1208 2310 his
1237 2270 1368 2309 verbis
1385 2265 1615 2320 exponitur:

258 2340 460 2392 „Senatus
481 2340 653 2388 censuit,
685 2341 850 2393 placere
869 2341 1008 2381 mortis
1031 2345 1150 2382 causa
1171 2342 1407 2382 donationes
1434 2337 1558 2378 factas
1574 2338 1616 2377 in

258 2427 349 2463 eos,
382 2425 486 2465 quos
503 2411 570 2450 lex
591 2411 783 2464 prohibet
810 2427 980 2468 capere,
1012 2415 1052 2454 in
1079 2414 1226 2454 eadem
1244 2425 1363 2452 causa
1379 2410 1542 2460 haberi,
1562 2409 1615 2459 ‚in

259 2498 341 2538 qua
360 2489 516 2534 essent,
549 2497 653 2537 quae
678 2489 918 2527 testamento
937 2486 999 2527 his
1022 2488 1160 2541 legata
1180 2490 1333 2534 essent,
1377 2484 1520 2538 quibus
1543 2494 1613 2520 ca-

258 2570 362 2611 pere
399 2571 477 2609 per
518 2557 658 2611 legem
695 2571 776 2596 non
800 2558 950 2599 liceret.
967 2561 993 2583 “
1063 2559 1121 2598 At
1144 2571 1241 2597 vero
1271 2549 1614 2597 Senatusconsulti

260 2628 496 2683 exemplum
544 2643 624 2670 non
659 2636 720 2671 est
757 2630 949 2671 credibile
1001 2631 1277 2686 Ulpianum
1319 2631 1422 2671 inter
1460 2626 1613 2678 legum,
