1784 3123
289 197 352 241 24

290 315 383 343 rum
401 301 529 342 verba
554 291 850 355 sententiasque
874 301 1206 358 progrediamur,
1235 300 1278 342 in
1301 292 1640 358 quibusquidem

292 388 345 416 ex
369 373 565 416 Vaticano
594 373 759 428 codice,
800 373 1040 429 Hugonis
1078 375 1300 430 beneficio,
1329 379 1378 415 ut¹
1397 379 1539 416 notum
1567 384 1643 431 est,

292 448 400 501 typis
424 446 651 501 descripto,
683 445 904 487 referendis
928 446 1054 501 ipsius
1080 448 1229 490 codicis
1254 452 1295 489 et
1318 446 1488 502 paginas
1516 452 1571 491 et,
1585 450 1642 490 li-

292 533 413 568 neas,
455 518 603 572 quibus
628 520 697 560 illa
741 518 1013 570 continentur,
1052 522 1228 574 notabo,
1268 521 1474 562 titulorum
1506 524 1644 562 autem

292 595 415 643 atque
441 592 800 646 paragraphorum
822 590 875 629 ab
902 590 1122 650 editoribus
1150 598 1407 647 receptarum
1431 604 1645 633 numerum

291 661 404 703 uncis
439 662 638 704 inclusum
676 663 884 719 adjiciam,
937 662 1173 715 ceteroquin
1202 664 1397 718 eandem,
1447 678 1569 719 quam
1603 664 1646 705 in

292 736 503 789 superiore
534 736 808 775 dissertatione
834 733 887 772 de
917 731 1142 787 Ulpiani
1171 733 1426 788 Fragmentis
1453 737 1541 787 inii,
1571 749 1647 776 ra-

293 806 448 849 tionem
472 820 637 862 sequar,
669 812 713 847 ut
730 805 902 858 scilicet,
936 819 1019 860 quo
1045 805 1176 861 magis
1200 806 1400 862 lectorum
1421 807 1648 850 commodi-

295 881 369 920 tati
385 881 610 930 consulam,
643 885 684 920 et
703 879 1069 933 interpunctionem
1079 879 1297 918 verborum
1314 879 1525 929 idoneam,
1543 893 1649 933 quae

295 952 339 992 in
365 952 508 994 codice
534 952 778 1007 plerumque
806 950 1077 1002 desideratur,
1117 950 1358 1003 adhibeam,
1400 957 1441 991 et
1465 944 1668 992 notar'um'

295 1025 525 1078 vulgarium
549 1025 644 1063 loco
676 1025 817 1077 plenas
848 1036 1000 1076 ponam
1017 1036 1139 1061 voces
1160 1023 1407 1075 syllabasve‚
1439 1028 1481 1062 et
1504 1023 1652 1063 menda

295 1100 437 1149 aperta
462 1096 644 1150 protinus
670 1096 830 1147 tollam,
862 1095 903 1134 in
923 1094 968 1134 iis
997 1099 1153 1146 autem,
1187 1109 1292 1148 quae
1315 1095 1491 1148 aliquam
1512 1094 1652 1135 viden-

295 1171 361 1207 tur
390 1166 683 1208 dubitationem
720 1166 876 1208 habere
916 1181 1087 1221 eamque
1120 1168 1253 1222 ipsam
1282 1168 1336 1208 ob
1368 1180 1532 1207 causam
1569 1165 1652 1206 hoc
1681 1153 1686 1161 ι

296 1239 436 1279 libello
460 1240 503 1280 in
529 1241 807 1293 quaestionem
833 1240 1020 1280 vocanda
1053 1245 1189 1292 erunt,
1233 1239 1384 1280 codicis
1411 1238 1655 1294 scripturam

299 1317 492 1356 accurate
513 1317 825 1366 repraesentem.

424 1384 522 1424 Jam
544 1384 657 1437 quod
683 1384 737 1423 ad
767 1384 921 1423 initium
951 1383 1291 1437 Fragmentorum
1315 1383 1534 1438 Ulpiani
1565 1383 1656 1422 atti-

296 1459 388 1507 net,
429 1460 586 1495 certum
622 1460 683 1494 est
714 1455 998 1509 agnitumque,
1050 1455 1093 1495 id
1128 1455 1241 1508 quod
1270 1455 1361 1509 jam
1404 1455 1656 1511 Oujacius

297 1533 410 1568 recte
434 1526 798 1577 animadverterat,
837 1528 1016 1581 primum
1041 1527 1177 1566 locum
1205 1527 1251 1566 iis
1281 1527 1441 1578 deberi,
1472 1541 1577 1581 quae
1605 1526 1658 1566 de

299 1598 470 1654 legibus
493 1599 705 1639 traduntur
723 1598 819 1638 inde
836 1612 861 1637 a
877 1599 1033 1638 verbis:
1065 1598 1320 1653 „prohibet,
1353 1598 1540 1653 exceptis
1565 1597 1659 1652 qm·-

300 1669 488 1711 busdam
513 1671 771 1725 cognatis“‚
794 1675 871 1711 etc.
903 1683 1035 1722 usque
1063 1670 1118 1709 ad
1142 1670 1288 1711 verba:
1319 1674 1548 1722 „mutatur
1575 1669 1660 1710 ali-

301 1741 408 1797 quid
441 1754 496 1781 ex
523 1742 674 1796 prima
715 1742 871 1795 lege“,
930 1755 1035 1794 quae
1068 1741 1235 1794 quidem
1267 1741 1309 1780 in
1351 1742 1493 1781 codice
1521 1746 1659 1781 nostro

301 1813 377 1854 sub
415 1813 472 1856 tit.
515 1813 547 1857 Ι.
601 1814 655 1854 de
697 1813 848 1853 libertis
895 1827 936 1868 p.
981 1812 1125 1854 191⁰oe
1156 1814 1184 1855 l.
1228 1812 1301 1854 23.
1346 1827 1476 1866 usque
1518 1813 1571 1853 ad
1618 1826 1661 1867 p.

301 1883 452 1926 191⁸ss
480 1886 507 1926 l.
528 1885 570 1925 6.
598 1886 797 1926 collocata
831 1885 1108 1938 reperiuntur,
1159 1886 1229 1939 (in
1251 1885 1489 1926 editionibus
1525 1890 1662 1926 autem

302 1958 509 2013 plerisque
551 1963 633 1998 tres
663 1956 949 2012 paragraphus
984 1958 1136 2011 primas
1166 1957 1378 2011 explent,)
1417 1964 1539 2011 atque
1565 1958 1661 1999 huic

301 2031 397 2070 loco
416 2029 586 2084 adjung-i
607 2034 798 2083 oportere
815 2041 980 2069 morum
1000 2029 1290 2079 definitionem,
1308 2029 1348 2069 in
1366 2030 1507 2071 codice
1521 2035 1660 2072 nostro

302 2091 422 2143 indici
438 2102 647 2142 titulorum
666 2101 957 2155 praepositam,
980 2101 1109 2155 (quae
1124 2101 1388 2156 paragrapho
1405 2102 1448 2145 4.
1465 2104 1662 2158 plurima-

304 2188 395 2215 rum
416 2174 636 2215 editionum
663 2174 931 2227 continetur.)
1004 2173 1163 2223 Quodsi
1185 2173 1238 2214 de
1264 2188 1383 2214 causa
1399 2180 1485 2217 tam
1503 2171 1660 2214 confusi

305 2247 347 2287 in
367 2246 508 2286 codice
533 2251 671 2287 nostro
703 2247 987 2286 sententiarum
1019 2245 1167 2286 ordinis
1191 2247 1413 2299 quaeritur,
1446 2244 1663 2286 assentien-

305 2319 406 2359 dum
427 2323 530 2373 puto
560 2317 706 2358 Meer
720 2332 892 2370 mano,
923 2319 979 2359 ad
998 2318 1107 2359 hunc
1123 2320 1257 2360 locum
1287 2318 1502 2373 Ulpiani
1532 2317 1573 2357 in
1593 2317 1663 2371 ip-

307 2393 386 2433 sius
405 2391 622 2432 Thesauro
637 2390 750 2431 Juris
771 2391 890 2434 Tom.
909 2392 1000 2434 VII.
1024 2407 1069 2448 p.
1090 2392 1193 2434 742.
1211 2391 1468 2440 existimanti,
1498 2390 1539 2429 in
1557 2389 1664 2429 anti-

307 2464 446 2516 quiore
467 2463 632 2513 codice,
664 2476 689 2501 a
706 2476 787 2515 quo
808 2464 871 2503 alii
891 2465 1156 2516 manaverint,
1198 2465 1284 2520 (vel
1311 2468 1420 2504 certe
1448 2462 1502 2513 is,
1540 2471 1664 2515 quem

307 2535 431 2576 hodie
445 2535 699 2589 habemus,)
730 2536 935 2590 „primum
952 2538 1095 2578 folium
1109 2538 1191 2578 sive
1211 2550 1291 2591 per
1313 2535 1577 2590 bibliopegae
1599 2531 1662 2570 in-

308 2607 481 2658 curiam,
521 2610 604 2651 sive
641 2622 720 2663 per
757 2609 998 2664 imperitiam
1027 2609 1310 2664 transpositum
1363 2614 1486 2662 atque
1523 2601 1663 2644 ordine
