1755 3123
1375 243 1435 288 11

84 336 160 406 ,ἢ
182 337 290 403 m
310 350 553 413 interponat.
572 354 635 407 sir,
653 346 956 407 interpretanda
981 349 1088 404 erit)
1107 349 1199 405 jam
1221 347 1290 389 am
1308 349 1439 389 anim-

86 412 365 470 ddverterunn
403 425 486 473 qua
513 416 567 457 de
586 428 633 456 re
655 413 751 455 vide
778 414 849 465 sis,
885 426 992 468 quae
1023 425 1154 466 nuper
1181 410 1441 452 Zimmer-

82 483 199 528 hius
218 485 260 525 in
273 481 458 525 {hatum
473 478 557 533 'jur-
584 477 709 520 Rom.
728 476 846 517 Tom.
875 476 980 531 an.
1002 471 1276 515 812—814.
1297 466 1441 522 ¹docte,

82 537 133 590 ὦ
165 547 288 597 solet,
352 539 585 595 disputavit-
652 538 700 578 In
725 538 861 579 locum
876 543 1026 578 *autem
1059 535 1247 588 antiquae
1267 548 1441 589 arroga-

85 608 202 651 tionis
234 619 314 664 per
349 602 555 659 populum
595 600 726 641 factae
774 613 921 641 novam
964 596 1228 653 arrogationis
1265 596 1441 637 formam

86 672 136 713 in
156 669 354 723 rescripto
369 663 583 720 ‘principali
600 663 774 719 positam
798 677 824 702 a
848 661 1181 703 Diocletiano
1208 658 1372 699 demum
1399 663 1442 698 et

91 729 412 774 Maximiano
438 727 504 768 vel
528 733 635 767 certe
658 739 741 765 non
769 725 898 765 multo
930 729 1024 763 ante
1054 721 1307 763 substitutam
1339 734 1440 771 esse,
1495 767 1497 769 v

87 806 141 836 ex
160 794 218 834 L.
249 789 292 831 2.
319 789 367 831 C.
389 789 442 829 de
470 787 753 842 adoptionibus
777 797 988 840 emergere
1005 784 1107 824 mihi
1124 781 1298 827 videtur.
1361 782 1443 823 Hic

84 855 196 898 enim
223 852 490 908 Imperatores
518 851 594 891 illi:
646 847 957 903 „Arrogatio,“
1003 846 1204 900 inquiunt,
1252 858 1343 898 „ex
1366 844 1443 885 ,ἰη-

88 915 298 972 dulgentia
330 912 545 969 principali
580 911 689 951 facta
725 909 898 965 perinde
941 908 1094 950 valeat
1125 907 1237 963 apud
1272 913 1444 962 praeto-

84 979 183 1021 rem'
195 978 261 1019 vel
270 975 498 1032 praesidem
519 973 720 1020 intimata,
746 986 795 1012 ac
813 972 846 1012 si
864 984 953 1027 per
962 971 1175 1026 populum
1186 967 1295 1024 jure
1322 970 1443 1011 anti-

89 1054 174 1098 quo
197 1030 307 1080 fa'cta
330 1043 445 1079 esset.
453 1039 480 1062 “
530 1034 700 1085 Quodsi
717 1047 767 1073 eo
791 1039 976 1088 tempore
984 1032 1349 1087 jam'inveterasset
1373 1046 1442 1072 ar—

86 1103 249 1160 rogatio.
273 1115 324 1142 ex
339 1097 600 1153 indulgentia
629 1095 842 1152 principali
877 1096 965 1137 fieri
1000 1095 1133 1146 solita,
1169 1094 1441 1150 Imperatores

89 1165 215 1206 credo
234 1176 319 1204 non
336 1161 577 1213 ,‚-valeat‚“
609 1159 681 1199 sed
715 1158 900 1209 „valere
927 1159 1141 1199 constat“
1169 1157 1237 1197 vel
1263 1158 1443 1197 similiter

89 1218 215 1270 fuisse
235 1224 432 1273 dicturos3
464 1220 592 1276 quid?
626 1220 739 1275 quod
769 1235 821 1261 ne
851 1233 954 1275 opus
986 1219 1153 1273 quidem
1185 1232 1235 1258 ea
1269 1219 1445 1259 mentio-

89 1303 143 1331 ne
164 1288 316 1329 fuisset.
334 1309 398 1318 —·
453 1285 571 1335 Quae
597 1284 630 1324 si
654 1283 921 1337 probabiliter
946 1283 1152 1335 disputata
1176 1285 1289 1331 sunt,
1314 1286 1447 1321 totum

74 1349 419 1404 -ΐιιιιὼιιιθιιωω,
451 1359 534 1399 quo
559 1350 599 1385 et
630 1345 866 1399 conjectura
889 1342 1086 1383 Wateri
1117 1341 1171 1382 de
1202 1342 1445 1395 supplendis

89 1415 132 1454 in
155 1407 225 1453 illo
252 1409 471 1465 Ulpiani
493 1408 586 1448 loco
614 1407 772 1454 verbis,
804 1419 911 1459 quae
935 1404 1158 1453 retulimus,
1186 1408 1226 1443 et
1244 1403 1445 1459 interpre-

88 1474 187 1515 tatio
220 1472 411 1525 deinceps
434 1469 670 1523 proposita‚
704 1468 798 1507 satis
826 1468 1013 1507 nimirum
1048 1465 1147 1503 dura
1186 1469 1310 1517 atque
1347 1478 1445 1505 con·

89 1539 210 1584 torta,
231 1533 379 1580 nititur,
412 1531 702 1571 labefactatum
732 1533 814 1578 est3
846 1528 952 1568 unde
972 1527 1116 1573 miror,
1132 1525 1220 1580 ipsi
1250 1525 1447 1567 Schul-

91 1596 261 1652 tingio
300 1595 418 1635 istam
451 1592 644 1633 Wateri
690 1590 961 1644 conjecturam
1003 1587 1138 1629 valde
1166 1587 1448 1630 verisimilem

90 1660 218 1700 visam
253 1670 352 1697 esse.
421 1655 558 1707 Atque
588 1652 731 1692 eadem
757 1652 844 1691 fere
869 1654 1110 1706 argumenta
1137 1650 1257 1689 etiam
1279 1650 1446 1692 Herm.

93 1718 417 1774 Gannegiete
429 1716 470 1757 ri
501 1713 782 1769 conjecturae,
817 1712 989 1756 Observ.
1013 1713 1099 1769 jur.
1130 1712 1255 1754 Rom.
1287 1713 1356 1755 lib.
1394 1713 1448 1757 11.

95 1797 132 1835 c,
160 1782 232 1822 19.
264 1779 496 1833 expositae,
523 1776 704 1827 obstant,
737 1789 819 1828 qua
841 1776 885 1814 in
909 1776 981 1815 illo
1012 1775 1356 1828 Ulpianiloco
1385 1777 1450 1816 le-

91 1842 273 1901 gendum
318 1845 457 1896 putat:
505 1869 530 1888 „
547 1838 722 1879 feminae
760 1837 926 1892 quidem
964 1851 1046 1878 non
1085 1843 1326 1892 arrogantur
1344 1868 1356 1886 ,
1400 1844 1451 1881 ut

91 1905 273 1961 pupilli⁶⁴
300 1908 377 1944 etc.
440 1900 605 1942 Scilicet
636 1900 799 1949 itidem,
834 1905 880 1939 ut
908 1900 1173 1949 waterus,
1206 1900 1249 1938 in
1282 1913 1332 1939 ea
1354 1913 1450 1939 ver-

93 1973 203 2010 satur
233 1964 447 2021 opinione,
484 1962 726 2003 feminarum
752 1975 883 2015 aeque
914 1975 963 2002 ac
1000 1960 1257 2017 pupillorum
1283 1975 1453 2017 arroga-

93 2030 246 2073 tionem
277 2028 330 2068 ab
360 2026 620 2068 Antonino
646 2025 737 2065 Pio
766 2025 1014 2079 >permissam
1046 2037 1158 2073 esse,
1199 2023 1273 2064 sed
1297 2029 1452 2064 utram-

95 2104 176 2145 que
204 2103 288 2131 non
308 2089 383 2130 nisi
406 2101 457 2128 ex
484 2088 682 2142 rescripto
705 2086 927 2140 Principis3
976 2086 1101 2138 idque
1125 2086 1196 2125 illo
1229 2085 1452 2139 Ulpiani

94 2153 189 2194 loco
211 2150 405 2194 contineri
425 2149 632 2191 existimat.
707 2149 762 2189 At
785 2161 882 2188 vero
906 2147 988 2188 hoc
1012 2153 1071 2188 est
1111 2147 1315 2188 inculcare
1349 2147 1449 2188 Ul-

96 2216 243 2270 piani
262 2213 394 2255 verbis
418 2213 673 2260 sententiam,
698 2224 803 2263 quae
825 2210 872 2250 iis
895 2223 978 2249 non
1000 2211 1121 2258 inest,
1154 2223 1229 2249 nec
1253 2210 1450 2252 convenit.

97 2278 206 2317 Nam
228 2275 340 2330 quod
363 2274 530 2315 feminas
560 2272 743 2328 arrogari
776 2286 899 2328 posse
930 2277 1055 2327 negat
1076 2271 1339 2326 Ulpianus
1361 2302 1373 2320 .,
1410 2272 1453 2312 id

97 2352 204 2391 non,
228 2339 329 2378 sicut
350 2338 391 2378 in
419 2335 609 2391 pupillis,
650 2334 706 2375 ad
740 2335 1019 2389 praeteritum,
1061 2334 1135 2375 sed
1172 2333 1227 2374 ad
1262 2347 1452 2387 praesens

97 2406 260 2455 tempus
288 2399 435 2448 refert,
469 2411 545 2439 nec
575 2410 673 2446 vero
706 2398 830 2438 ullam
859 2397 1045 2452 rescripti
1073 2395 1307 2451 principalis
1341 2409 1453 2435 men-

99 2462 250 2502 tionem
285 2461 383 2501 facit
406 2492 417 2510 ,
471 2473 594 2514 quam
634 2460 798 2513 quidem
818 2493 831 2513 ‚
888 2462 920 2501 si
970 2459 1014 2500 id
1061 2459 1284 2512 exprimere
1333 2458 1453 2497 volu-

100 2523 196 2564 isset
216 2550 229 2573 ,
286 2522 399 2575 quod
465 2523 636 2564 Canne
645 2522 786 2576 giete
799 2537 883 2563 rus
939 2520 1162 2575 suspicatur
1180 2550 1191 2567 ‚
1270 2525 1456 2573 praeter-

102 2585 258 2631 mittere
301 2584 413 2623 nullo
462 2590 585 2640 pacto
624 2589 799 2639 poterat.
914 2581 1160 2635 Ceteroquin
1198 2580 1457 2636 impuberum

71 2692 72 2696 ,
104 2647 402 2715 arrogationem
436 2647 488 2688 ab
523 2648 795 2690 Antonino
818 2647 912 2688 Pio
948 2645 1188 2701 permissam
1211 2643 1264 2684 ad
1289 2645 1456 2701 populi,
