1755 3123
1391 218 1451 262 81

95 323 211 379 jecto
237 319 433 376 cog-nosci
454 321 602 383 potest.
678 314 805 366 Quod
822 328 919 357 vero
940 316 1213 363 Elversius
1247 318 1288 358 in
1308 319 1454 363 Pwm-

101 393 260 450 ptuario
284 392 536 448 Gajanos.
560 401 598 428 v.
630 387 893 439 „Voconia
909 389 1003 435 lex‘f
1032 387 1139 430 hanc
1154 391 1288 445 ipsam
1305 382 1467 446 leg-em,x

100 471 293 520 tanquam
322 462 625 519 imperfectam,
665 459 719 501 ad
745 461 855 503 illum
879 460 1098 516 Ulpiani
1128 463 1268 504 locum
1304 465 1458 518 retulit,

99 539 330 592 neutiquam
360 536 398 576 ei
424 531 721 574 assentiendum
744 540 815 575 est.
883 533 1203 600 Eteniqverba
1232 535 1456 592 Ulpiani

98 611 140 652 in
168 624 220 651 eo
242 610 337 649 loco
364 611 523 647 servata
549 604 602 646 ad
634 606 801 653 modum
828 595 1116 648 donationum
1140 614 1353 662 spectant3
1385 611 1454 651 lex

98 681 327 723 Voconia
355 684 510 732 autem,
550 685 595 720 ut
627 693 676 720 ex
701 679 835 735 Gajo
862 680 913 721 11.
943 676 986 737 ἓ.
1012 678 1117 720 226.
1146 680 1315 734 aliisque
1337 689 1453 724 vete-

98 767 189 795 rum
208 745 441 792 testimoniis
462 753 716 794 manifestum
741 757 823 803 est,
855 752 998 806 legatis
1015 752 1209 792 mortisve
1235 766 1355 794 causa
1383 769 1454 795 ca-

97 824 284 882 pionibus
297 853 309 874 ,
342 838 446 878 quae
466 826 651 867 nimirum
666 824 837 879 simplici
857 824 1119 866 donationum
1142 826 1306 867 nomine
1325 827 1455 882 signi-

96 897 210 939 ficari
228 904 453 952 nequeunt,
487 904 642 938 certum
657 896 828 937 modum
848 897 1062 943 constituit.
1096 921 1160 929 —-
1223 898 1322 939 Jam
1340 899 1455 953 quod

66 1004 73 1014 x
96 971 150 1012 ad
167 971 341 1011 formam
359 970 514 1022 attinet,
547 983 628 1023 qua
656 974 940 1023 argumentum
965 969 1067 1024 legis
1096 969 1312 1012 Cinciae
1345 972 1453 1014 Cu-

87 1044 110 1099 j
119 1035 264 1083 acius
292 1043 344 1082 ab
371 1042 602 1096 Ulpiano
629 1041 874 1094 descriptum
897 1047 1035 1096 putat,
1068 1042 1361 1083 dubitationem
1388 1044 1449 1084 af-

94 1117 230 1157 ferunt
255 1115 401 1156 verba:
441 1126 618 1168 „supra
650 1119 819 1155 certum
848 1114 1074 1155 modum.“
1138 1115 1309 1170 Quippe
1340 1117 1450 1157 veri-

95 1188 222 1228 simile
260 1191 341 1237 est‚
380 1186 512 1240 ipsam
549 1199 768 1235 summam,
807 1186 912 1225 ultra
938 1179 1061 1239 quam
1086 1187 1182 1241 lege
1210 1187 1279 1226 illa
1306 1188 1450 1228 donari

92 1259 342 1317 prohibitum
371 1263 476 1310 erat,
527 1257 801 1313 Ulpianum
835 1258 1054 1311 indicasse,
1097 1259 1451 1312 quemadmodum

93 1335 133 1374 in
159 1333 261 1387 legis
288 1331 474 1371 Furiae
509 1331 701 1371 relatione
731 1331 783 1370 ab
820 1344 870 1370 eo
896 1330 1051 1369 factum
1072 1331 1269 1373 videmus.
1345 1332 1452 1373 Cum

92 1419 190 1446 vero
216 1417 371 1444 summa
398 1403 474 1443 ista
498 1402 703 1456 hodieque
737 1402 778 1442 in
805 1402 1001 1457 ambiguo
1033 1402 1103 1454 sit,
1143 1404 1318 1445 maxime
1346 1417 1451 1458 pro-

92 1477 272 1518 bandum
289 1489 455 1527 censeo,
487 1475 519 1514 si
536 1474 622 1527 quis
638 1475 679 1514 in
696 1473 1062 1528 restituendo-legis
1086 1474 1299 1515 Cinciae
1321 1490 1450 1532 argu-

92 1555 250 1600 mento,
281 1547 335 1588 ad
361 1547 775 1588 Unterholzneri
796 1547 1024 1600 exemplum
1050 1545 1090 1585 in
1115 1546 1321 1589 Rhenano
1347 1548 1450 1591 Mu-

93 1636 162 1663 seo
190 1618 541 1675 Jurisprudentiae
576 1618 696 1660 Tom.
724 1619 775 1660 Π.
808 1618 924 1659 Fasc.
952 1617 1022 1659 IV.
1053 1632 1096 1672 p.
1126 1617 1233 1663 44⁰.
1259 1627 1342 1664 not.
1369 1621 1465 1678 4.)‚‚

93 1708 187 1735 eum
209 1695 367 1743 locum,
399 1691 454 1731 ad
485 1704 607 1744 quem
641 1703 818 1731 summae
846 1690 996 1729 mentio
1021 1690 1222 1743 pertinet,
1276 1705 1451 1734 vacuum

91 1766 305 1818 reliquerit.
337 1747 400 1794 ζ-
439 1763 604 1817 Restat,
636 1766 681 1801 ut
710 1760 763 1800 de
789 1761 967 1811 ratione,
1001 1775 1083 1814 qua
1109 1762 1452 1807 zimmernius

90 1837 243 1893 initium
281 1835 620 1890 Fragmentorum
659 1838 891 1874 nostrorum
930 1834 1205 1888 supplendum
1238 1824 1449 1892 existimat,

90 1923 213 1965 supra
228 1907 437 1963 proposita
455 1906 724 1961 dispiciamus,
776 1906 914 1959 Atque
937 1905 1006 1946 hic
1027 1907 1193 1961 quidem
1212 1909 1272 1949 vir
1289 1909 1448 1967 doctus,

91 1995 322 2036 quanquam
339 1980 467 2021 verba
493 1979 563 2020 illa
590 1978 815 2034 cujacii,
847 1978 903 2019 de
935 1980 1081 2033 quibus
1107 1981 1234 2023 modo
1264 1983 1449 2038 disputa-

91 2055 240 2107 vimus,
271 2066 450 2109 „supra
478 2057 647 2094 certum
663 2052 898 2106 modum“,
934 2053 1170 2107 recipienda
1199 2054 1330 2109 duxit,
1364 2055 1448 2096 duo

91 2133 247 2178 tamen,
300 2140 405 2179 quae
436 2126 477 2166 in
508 2126 612 2166 illius
643 2126 927 2180 supplemento
958 2127 1298 2179 reprehendenda
1327 2129 1445 2169 nobis

91 2199 174 2239 visa
194 2203 303 2250 sunt,
344 2197 476 2252 probe
503 2197 686 2248 evitavit,
726 2202 811 2237 tum
833 2196 1098 2252 imperfectae
1118 2198 1220 2253 legis
1241 2212 1372 2252 aeque
1398 2213 1448 2240 ac

90 2272 297 2325 perfectae
322 2270 599 2313 ‚definitionem
629 2268 900 2323 proponendo
917 2298 930 2320 ,
967 2275 1055 2310 tum
1082 2272 1203 2312 satius
1230 2272 1448 2322 censendo,

91 2343 322 2396 exemplum
348 2342 560 2398 perfectae
587 2342 690 2396 legis
706 2342 747 2381 in
763 2340 898 2381 medio
919 2342 1170 2396 relinquere3
1211 2343 1444 2395 ceteroquin

91 2419 225 2455 autem
243 2414 370 2456 habet
393 2413 601 2466 nonnulla,
631 2414 673 2453 in
696 2414 841 2467 quibus
868 2428 894 2453 a
919 2428 987 2456 me
1002 2416 1221 2470 impetrare
1238 2429 1318 2456 non
1337 2427 1447 2468 pos-

91 2500 202 2539 sum,
239 2493 284 2527 ut
310 2489 348 2529 ei
376 2486 581 2528 accedam.
651 2485 716 2526 De
745 2486 839 2541 plus
868 2487 993 2540 quani
1027 2489 1213 2543 perfecta
1239 2488 1333 2542 lege
1354 2485 1448 2542 jam

92 2559 193 2612 dixi,
231 2561 331 2614 quid
358 2563 555 2610 sentiam;
595 2560 718 2613 idq'ue
744 2560 777 2600 si
801 2560 1070 2618 probabiliter
1098 2562 1348 2615 disputatum
1372 2566 1446 2612 est,

92 2631 216 2674 efficit
237 2634 375 2689 simul,
406 2641 451 2676 ut
471 2635 513 2677 in
540 2633 771 2676 definitione
793 2633 1005 2689 perfectae
1030 2634 1131 2691 legis
1159 2647 1264 2690 opus
1287 2648 1373 2677 non
1397 2635 1447 2676 sit
